2055 3358
163 130 218 168 56
889 158 945 162 —-
978 137 1010 172 Β
1043 139 1102 181 (11)
1136 159 1192 164 -

1765 145 1918 183 [Βοιωτία

200 279 262 310 550
310 270 410 310 ἔνθα
443 272 486 312 δέ
678 276 685 286 ’
822 292 831 299 ’
877 275 884 289 “
930 274 939 289 ’
1058 274 1106 290 ”’
1147 279 1159 291 ‘'
1194 278 1203 291 '

516 290 583 324 μιν
616 287 791 326 ταυροισι
823 291 888 314 aaz
919 289 1092 327 αρνειοισ
1142 282 1318 318 ιλαονται

309 353 447 399 κοῦροι
478 350 699 399 Ἀθηναίων
731 350 1056 401 περιτελλομένων
1088 351 1288 392 ἐνιαυτῶν·

310 428 386 460 τῶν
418 418 511 462 αὖθ’
544 421 781 475 ἡγεμόνευεν
812 425 898 472 υἱὸς
930 428 1084 481 Πετεῷο
1117 429 1364 475 Μενεσθεύς.

310 505 360 551 τῷ
394 495 431 536 δ’
468 497 515 537 οὔ
546 499 606 537 πώ
639 514 694 545 τις
726 497 860 550 ὁμοῖος
891 499 1116 552 ἐπιχθόνιος
1141 499 1271 554 ’γένετ’
1307 502 1407 554 ἀνὴρ

311 578 503 623 κοσμῆσαι
535 573 679 619 ἵππους
710 588 748 612 τε
778 573 844 612 καὶ
875 573 1015 627 ἀνέρας
1047 575 1294 624 ἀσπιδιώτας·

1591 343 1672 388 5311>
1696 358 1738 387 cf.
1774 359 1800 388 Θ
1824 357 1920 394 404b,

1612 401 1916 436 418b2295⁶÷2942

1588 512 1649 541 553
1675 511 1717 540 of.
1746 513 1779 540 Ψ
1799 510 1861 539 632

1591 588 1654 617 554
1669 587 1710 617 cf.
1736 590 1773 616 Π
1793 586 1855 616 167

201 656 260 684 555
310 646 471 699 Νέστωρ
505 644 586 694 οἶος
619 648 750 699 ἔριζεν·
782 646 803 688 ὃ
835 649 908 702 γὰρ
946 651 1244 705 προγενέστερος
1277 647 1356 703 ἦεν.

311 729 361 775 τῷ
395 718 432 760 δ’
468 722 548 772 ἅμα
580 723 821 774 πεντήκοντα
851 723 1029 775 μέλαιναι
1061 732 1150 777 νῆες
1180 725 1330 766 ἕποντο.

373 797 473 844 Αἴας
506 795 542 836 δ’
579 797 620 837 ἐκ
651 801 879 850 Σαλαμῖνος
910 799 1004 852 ἄγεν
1037 802 1109 840 δύο
1142 801 1208 840 καὶ
1240 801 1333 841 δέκα
1366 808 1478 852 νῆας,

309 868 438 923 ’στῆσε
471 869 506 911 δ’
543 871 650 925 ἄγων
682 871 728 912 ἵν’
762 875 985 926 Ἀθηναίων
1017 876 1170 916 ἵσταντο
1203 877 1408 929 φάλαγγες.

392 949 413 962 <x
468 944 478 959 ἳ
505 946 524 961 9}
692 945 702 961 >
757 945 773 963 ῗ
914 950 924 964 l
1045 951 1054 963 t
1261 952 1268 962 e

374 962 410 985 οι
443 948 466 986 δ
515 951 646 1000 Αργος
677 965 696 987 τ
738 964 840 1001 ειχον
876 953 1056 1002 Τιρυνθα
1087 966 1125 990 τε
1156 963 1403 1003 τειχιοεσσαν,

204 1030 266 1061 560
307 1019 523 1074 Ἑρμιόνην
554 1024 709 1075 Ἀσίνην
740 1039 778 1064 τε
809 1025 946 1076 βαθὺν
976 1025 1074 1064 κατὰ
1105 1027 1252 1066 κόλπον
1285 1027 1460 1079 ἐχούσας,

439 1095 533 1111 ...3)

319 1100 484 1150 Τροιζην
531 1099 684 1146 Ηιόνας
716 1114 753 1138 τε
783 1099 848 1138 καὶ
879 1099 1099 1152 ἀμπελόεντ’
1130 1099 1387 1154 Ἐπίδαυρον,

316 1173 361 1212 οἴ
384 1171 410 1212 τ’
447 1173 533 1225 ἔχον
565 1175 734 1227 Αἴγιναν
767 1176 942 1227 Μάσητά
974 1192 1012 1216 τε
1043 1183 1182 1229 κοῦροι
1214 1181 1389 1229 Ἀχαιῶν,

316 1255 392 1287 τῶν
423 1244 515 1288 αὖθ’
551 1247 762 1301 ἡγεμόνευε
793 1250 894 1302 βοὴν
923 1250 1076 1303 ἀγαθὸς
1109 1252 1314 1303 Διομήδης

316 1322 382 1362 καὶ
412 1323 625 1375 Σθένελος,
656 1327 875 1377 Καπανῆος
907 1325 1135 1378 ἀγακλειτοῦ
1166 1327 1279 1377 φίλος
1311 1328 1407 1374 υἱός·

206 1407 267 1437 565
315 1402 412 1437 τοῖσι
445 1396 481 1437 δ’
519 1397 578 1450 ἅμ’
616 1399 825 1451 Εὐρύαλος
859 1401 1030 1452 τρίτατος
1058 1398 1143 1452 ’κίε,
1173 1402 1361 1449 ,Ρισόθεος
1394 1401 1493 1452 φὼς,

371 1515 543 1544 553—555
567 1515 645 1544 Zen.
669 1529 734 1539 —
784 1513 796 1555 ΙΙ
850 1516 912 1546 558
937 1517 992 1546 Ar.
1014 1531 1080 1540 —

215 1621 280 1652 550
302 1623 368 1661 μιν]
406 1623 622 1661 Erechtheum,
658 1622 870 1665 (parvorum)
902 1627 1009 1655 Pana-

170 1675 392 1705 thenaeorum
425 1676 527 1713 festo3
561 1677 627 1706 vid.
653 1677 695 1706 ad
726 1681 746 1707 Ι
771 1678 844 1707 534.
868 1679 919 1708 Ad
944 1677 1009 1708 Mi-

171 1737 297 1757 nervam
332 1737 518 1766 pronomen
550 1729 669 1759 referri
696 1731 823 1769 nequit,
849 1731 1009 1768 quoniam

171 1780 299 1809 deabus
334 1789 456 1810 vaccae
491 1783 525 1810 et
559 1790 638 1811 oves
669 1783 954 1812 sacrificabantur.
993 1781 1005 1823 ΙΙ

171 1828 320 1873 ἱλάονται]
346 1839 357 1861 ῖ
378 1834 417 1861 ut
440 1834 474 1862 A
500 1834 573 1862 100.

217 1883 282 1914 552
296 1884 369 1922 τῶν]
391 1891 449 1914 τῶν
469 1886 500 1914 δ’
517 1894 597 1915 mss.
611 1887 782 1916 nonnulla.
803 1885 814 1926 ΙΙ
835 1889 1011 1925 grandi-ww

170 1937 303 1975 Nauck]
345 1938 417 1967 -rsv'
455 1947 532 1967 mss.
568 1939 618 1967 De
654 1939 746 1968 vocis
784 1939 846 1973 υἱὸς
881 1939 1010 1976 syllaba

171 1990 283 2028 priore
321 1992 475 2027 correpta
511 1991 552 2019 cf.
586 1991 602 2027 ᾖ
629 1992 680 2022 17.
711 1989 723 2031 ΙΙ
755 1995 874 2032 Πετεῷο
898 1991 1009 2029 Eust.]

173 2043 294 2071 Πετεῶο
318 2050 416 2077 mss.;
442 2042 484 2071 ef.
509 2043 525 2080 ξ
551 2043 603 2072 62.

217 2092 378 2132 553-555]
405 2094 445 2124 de
464 2095 517 2124 his
542 2095 706 2131 versibus,
728 2104 812 2132 quos
825 2095 902 2124 Ze‘n.
918 2095 1011 2124 dam-

173 2146 284 2180 nabat,
304 2146 496 2176 testimonia
516 2149 704 2176 memoratu
725 2147 827 2184 digna
847 2147 1012 2184 praebent

172 2198 364 2229 Herodotus
388 2199 450 2228 VII
476 2200 536 2228 161
563 2202 597 2228 et
621 2199 829 2237 epigramma
850 2200 927 2228 anni
948 2200 1010 2228 470

173 2260 201 2280 a.
239 2251 272 2280 G.
311 2251 400 2289 apud
434 2252 590 2281 Aeschin.
626 2252 678 2281 III
713 2252 731 2289 ξ
770 2253 930 2286 183-185;
969 2252 1011 2280 c-f.

172 2303 261 2333 Plut.
283 2303 365 2333 Cim.
387 2304 415 2342 7,
439 2304 547 2333 Lehrs
567 2301 681 2334 Arist.‘-'
707 2314 738 2342 p.
764 2304 1012 2340 445‚Ludwieh

172 2356 272 2385 Arist.
298 2356 332 2384 II
355 2365 388 2394 p.
413 2357 569 2386 390-404.

219 2407 283 2438 554
307 2408 509 2446 ἀσπιδιώτας]
534 2417 597 2438 vox
622 2409 753 2438 nonnisi
778 2418 878 2439 versu
902 2408 1012 2447 paral-

174 2460 240 2489 lelo
262 2464 297 2489 II
316 2461 376 2490 167
399 2461 495 2490 redit.
516 2461 608 2490 Alias
629 2462 670 2500 (A
693 2462 733 2491 90
758 2461 838 2499 etc.)
864 2462 1014 2498 c'mmaznj;

174 2512 307 2542 dicitur.
871 2502 873 2504 Ι

220 2564 282 2595 557
319 2565 384 2603 sq]
430 2567 645 2604 Megarenses
689 2565 1014 2606 ,,ιίντιπαρῳὸοῡι’τα;”

175 2617 236 2645 hos
272 2626 390 2647 versus
422 2619 469 2647 eie
500 2619 660 2648 recitasse
685 2620 799 2647 nai-rat
823 2617 942 2647 Strabo
967 2617 1013 2646 IX

176 2678 207 2706 p.
233 2670 312 2698 394:
338 2671 420 2703 ,Πίις
444 2670 474 2699 δ’
503 2673 534 2699 ἐκ
558 2674 726 2707 Σαλαμῖνος
749 2670 821 2707 ἆγεν
846 2670 912 2704 νέας
931 2671 963 2698 ἕκ
985 2679 1014 2698 τε

181 2724 330 2759 Πολίχνης
351 2719 355 2761 Ι
377 2723 409 2750 ἔκ
434 2723 456 2751 τ’
484 2725 708 2763 ,ίίγειρούσσης
738 2725 864 2760 Νισαίης
888 2733 917 2751 τε
946 2725 1013 2762 Τρι-

175 2773 279 2802 πόδων
304 2784 341 2802 τε.
366 2773 404 2802 In
433 2775 542 2804 Attica
566 2776 668 2811 igitur
691 2774 866 2804 comoedia
889 2774 1013 2812 aliqua,

177 2834 262 2864 quae
299 2825 570 2855 Aeharnensibus
606 2827 839 2864 Aristophanis
872 2827 1013 2856 fortasse

177 2878 363 2907 subsimilis
407 2879 479 2915 suit,
524 2879 679 2908 videntur
722 2880 895 2917 recitasse,
937 2887 1014 2908 cum

177 2930 438 2960 Atheniensibus
463 2931 503 2960 de
530 2931 663 2960 Charini
687 2932 918 2969 psephismate
948 2931 1014 2960 dis-

177 2985 362 3021 eoptantes.
389 3000 426 3004 —
454 2983 592 3012 Versum
629 2984 690 3012 558
720 2984 832 3012 soloni
861 2984 1014 3013 tribuunt

1077 1625 1282 1655 Dieuchidas
1314 1626 1405 1664 apud
1429 1626 1616 1664 Diogenem
1643 1626 1816 1656 Laertium
1840 1625 1921 1662 (vid.

1078 1678 1120 1707 ad
1139 1687 1187 1707 vs.
1213 1678 1384 1715 546-556)‚
1400 1678 1605 1708 Plutarchus
1626 1676 1737 1708 Solon.
1761 1679 1814 1714 10,
1837 1678 1918 1707 Por-

1077 1730 1218 1768 phyrius
1252 1731 1287 1760 in
1321 1731 1426 1760 schol.
1462 1730 1504 1759 ad
1540 1733 1568 1760 Β
1605 1731 1669 1760 494
1694 1732 1728 1760 et
1755 1730 1829 1759 557.
1853 1730 1920 1759 Pro

1077 1782 1222 1819 genuino
1256 1782 1405 1812 habebat
1440 1782 1640 1812 Aristoteles
1674 1782 1771 1811 Rhet.
1807 1781 1824 1810 I
1861 1782 1920 1810 15:

1077 1837 1238 1872 Ἀθηναῖοι
1269 1835 1384 1876 Ὁμήρῳ
1411 1837 1542 1875 μάρτυρι
1567 1837 1737 1875 ἐχρήσαντο
1761 1835 1830 1875 περὶ
1855 1836 1916 1863 ,Σα-

1077 1890 1216 1922 λαιιιίὀςς
1251 1887 1305 1916 Ar.
1338 1895 1417 1916 vero
1449 1886 1548 1916 obelo
1575 1886 1714 1924 notavit,
1739 1886 1818 1923 quia
1843 1893 1920 1915 cum

1078 1941 1105 1967 Δ
1142 1940 1204 1968 273
1236 1948 1309 1976 sqq.
1343 1942 1374 1967 N
1401 1939 1460 1968 681
1489 1947 1563 1976 sqq.
1595 1938 1673 1975 (vid.
1706 1938 1851 1968 Ariston.
1877 1937 1920 1966 ad

1079 1993 1109 2019 Γ
1129 1991 1204 2025 230)
1230 2000 1306 2020 eum
1326 1999 1477 2028 pugnare
1496 1990 1726 2028 intellegebat.
1751 1990 1922 2020 Omittunt

1078 2051 1155 2080 pap.
1192 2043 1296 2072 Oxon.
1329 2043 1401 2072 eod.
1426 2044 1453 2072 A
1477 2043 1545 2080 alii,
1569 2043 1705 2072 additus
1729 2043 1843 2072 autem
1869 2043 1922 2071 est

1078 2095 1120 2124 ab
1145 2094 1264 2124 eodem
1289 2095 1425 2124 homine
1459 2095 1513 2124 eui
1545 2095 1712 2124 debentur
1745 2095 1847 2125 etiam
1870 2103 1920 2124 vs.

1079 2147 1142 2176 525
1167 2156 1216 2184 sq.
1239 2148 1317 2183 etc.;
1339 2147 1406 2176 vid.
1433 2146 1474 2176 ad
1499 2156 1546 2176 vs.
1574 2148 1639 2177 494
1663 2156 1737 2185 sqq.

1123 2197 1284 2238 559-568]
1322 2199 1355 2228 in
1400 2199 1589 2229 Certamine
1633 2200 1731 2229 Hom.
1773 2201 1806 2229 et
1841 2199 1922 2228 Hes.

1079 2252 1139 2280 281
1174 2260 1259 2289 sqq„
1294 2251 1353 2280 ubi
1387 2251 1422 2280 hi
1456 2260 1574 2281 versus
1611 2252 1809 2287 afferuntur,
1843 2252 1921 2290 post

1078 2312 1125 2332 vs.
1147 2304 1208 2332 563
1230 2303 1365 2332 additur
1389 2304 1533 2342 Τυδείδης
1558 2302 1593 2333 οὗ
1605 2304 1721 2344 πατρὸς
1740 2305 1819 2342 ἔχων
1832 2304 1923 2340 μένος

1082 2356 1228 2389 Οἰιέίδαο,
1253 2357 1286 2385 et
1318 2358 1394 2394 post
1425 2365 1473 2385 vs.
1500 2357 1562 2386 568
1588 2359 1619 2386 ἐν
1643 2357 1675 2385 ‹5’
1703 2356 1810 2397 ἄνδρες
1833 2356 1920 2385 πολέ-

1077 2420 1148 2445 μοιο
1169 2407 1317 2445 δαήμονες
1333 2411 1517 2447 ἐστιχόωντο
1540 2408 1544 2447 Ι
1566 2411 1693 2450 Ἀργεῖοι
1707 2411 1923 2449 λιιόθώρηκες,

1079 2461 1187 2500 κέντρα
1223 2461 1386 2497 πτολέμοιο
1423 2461 1577 2496 (ultimus
1617 2469 1736 2491 versus
1759 2475 1802 2488 =
1826 2461 1923 2490 Orac.

1079 2512 1233 2542 Hendess
1272 2513 1385 2547 178,6;
1418 2513 1459 2542 de
1492 2522 1573 2543 voce
1606 2511 1778 2553 λινοθώρηξ
1803 2512 1846 2542 cf.
1872 2521 1922 2542 vs.

1082 2566 1153 2599 529,
1180 2565 1287 2604 κέντρα
1311 2565 1357 2594 ita
1382 2565 1510 2594 dictum
1535 2574 1600 2594 non
1623 2563 1737 2603 redit).

1125 2615 1188 2646 559
1214 2614 1419 2658 τειχιόεσσαν]
1456 2617 1661 2647 adiectivum
1696 2625 1762 2646 non
1786 2617 1850 2646 nisi
1874 2625 1924 2646 vs.

1081 2670 1142 2698 646
1180 2669 1276 2698 redit..
1313 2686 1355 2690 —
1391 2670 1541 2707 Apparet
1581 2669 1753 2707 Tirynthis
1791 2669 1923 2698 moenia

1081 2722 1247 2759 Cyclopea
1283 2730 1364 2751 aevo
1401 2724 1521 2759 poetae
1558 2730 1623 2751 non
1659 2721 1770 2751 minus
1798 2721 1923 2758 inclyta

1081 2774 1185 2803 fuisse
1210 2782 1312 2811 quam
1337 2776 1463 2803 nostro.

1125 2824 1189 2855 562
1214 2827 1245 2854 οἵ
1274 2826 1296 2854 τ’
1331 2826 1419 2864 ἔχων]
1446 2826 1466 2855 l.
1491 2835 1519 2855 a.
1551 2828 1641 2863 νῆσόν
1666 2825 1689 2854 τ’
1716 2825 1806 2863 apud
1832 2825 1924 2855 Stra-

1080 2878 1200 2907 bonem
1225 2878 1305 2907 VIII
1330 2887 1361 2915 p.
1389 2879 1450 2907 376
1477 2880 1511 2907 et
1536 2878 1568 2907 in
1597 2878 1742 2908 Cet-tam.
1768 2877 1788 2906 l.
1816 2877 1837 2906 l.

1126 2929 1189 2960 563
1216 2930 1286 2967 τῶν]
1314 2936 1371 2959 τῶν
1397 2931 1426 2959 ‹3'
1455 2939 1535 2959 mss.
1562 2922 1730 2959 nonnulla.

1126 2981 1188 3012 565
1218 2981 1383 3022 Εἰρώαὺκ]
1412 2984 1587 3022 Εὐρύπυλος
1611 2982 1754 3011 Certum.
1778 2980 1800 3010 l.
1824 2980 1846 3010 l.
