2055 3358
408 951 1191 998 MANUSORIPTORUM
1223 948 1564 990 NOTITIA.

170 1357 336 1405 Papyri,
378 1357 450 1403 qui
493 1357 634 1394 cetera
676 1355 822 1393 Iliadis
865 1353 1063 1401 exempla
1105 1353 1311 1399 quotquot
1342 1350 1551 1387 hactenus
1583 1346 1861 1385 innotuerunt

111 1434 252 1471 aetate
296 1432 419 1470 facile
457 1432 626 1470 vincere
670 1431 852 1478 Videtur,
887 1452 940 1456 -
975 1429 1101 1467 tertio
1145 1427 1259 1466 enim
1292 1427 1392 1464 ante
1426 1423 1642 1462 Christum
1675 1421 1859 1469 saeculo,

114 1510 212 1546 ante
254 1507 492 1546 Aristarchi
535 1507 665 1554 igitur
697 1507 899 1554 aetatem,
934 1504 1193 1552 perscriptus
1226 1512 1321 1540 esse
1355 1500 1552 1548 creditur,
1588 1520 1639 1525 —
1674 1497 1862 1535 frustum

112 1585 315 1631 exiguum
351 1594 448 1622 cum
482 1583 578 1621 aliis
608 1584 804 1621 veterum
836 1582 1039 1620 librorum
1072 1579 1240 1618 laciniis
1265 1574 1590 1625 pretiosissimis
1618 1583 1639 1611 e
1669 1572 1860 1619 sepulcro

114 1660 376 1707 Aegyptiaco
409 1659 519 1696 eruit
549 1658 790 1695 indefessus
823 1656 1006 1703 Aegypti
1049 1655 1261 1693 scrutator
1295 1652 1359 1690 W.
1394 1651 1445 1689 M.
1483 1649 1675 1688 Flinders
1708 1647 1868 1685 Petria—

114 1735 353 1781 Imaginem
396 1734 524 1771 huius
555 1733 786 1779 fragmenti
816 1732 1135 1779 phototypicam
1168 1729 1281 1767 dedit
1323 1729 1354 1766 Ι.
1399 1727 1443 1765 P.
1487 1724 1673 1770 Mahaffy
1705 1733 1756 1760 on
1789 1722 1862 1759 the

115 1810 306 1847 Fiinders
332 1808 656 1856 Petrie-Papyri,
690 1807 843 1845 Dublin
874 1807 998 1854 1891,
1031 1807 1074 1843 in
1104 1805 1251 1844 tabula
1283 1804 1357 1851 HI,
1392 1803 1430 1840 4.
1467 1799 1703 1848 Supersunt
1734 1797 1861 1834 unius

113 1885 305 1933 paginae,
348 1894 454 1930 quae
488 1883 732 1921 continebat
769 1892 920 1920 versus
952 1881 1103 1928 viginti
1136 1882 1189 1925 (Λ
1233 1878 1492 1925 502—517),
1531 1884 1679 1921 margo
1713 1874 1862 1911 dexter

114 1960 431 2007 sequentisque,
468 1959 511 1996 in
558 1968 639 2005 quo
683 1968 834 1995 versus
876 1956 1141 2003 undeviginti
1180 1955 1440 2000 (518—537)
1483 1951 1630 1998 scripti
1673 1949 1858 1995 fuerunt,

116 2045 262 2082 margo
310 2035 496 2083 sinister,
540 2044 638 2072 cum
681 2034 826 2081 paucis
860 2032 1127 2079 singulorum
1160 2040 1364 2069 versuum
1396 2024 1683 2071 litteris'(vid.
1716 2023 1862 2061 tabula

116 2111 262 2148 nostra
294 2111 331 2147 A
363 2112 404 2154 1).
449 2109 665 2147 Librarius
706 2110 877 2147 textum
919 2107 1143 2155 descripsit
1176 2107 1226 2145 ab
1262 2105 1462 2143 hodierno
1493 2110 1749 2148 magnopere
1782 2098 1860 2136 dis-

117 2186 375 2241 crepantem,
409 2185 565 2232 spuriis
596 2184 759 2223 scilicet
792 2184 986 2222 versibus
1017 2182 1305 2230 compluribus
1331 2178 1650 2226 interpolatum.
1692 2157 1750 2213 Cf.
1780 2183 1863 2211 van

117 2260 325 2298 Leeuwen
359 2260 563 2298 Mnemos.
601 2260 710 2298 1892
744 2269 837 2307 pag.
876 2260 955 2296 127
990 2268 1095 2305 sqq„
1129 2258 1160 2295 Ι.
1194 2256 1365 2294 Menrad
1392 2255 1436 2292 in
1463 2254 1583 2292 Actis
1606 2249 1863 2290 Academiae

119 2335 350 2373 Bavaricae
385 2336 493 2372 1891
528 2345 621 2382 pag.
657 2335 739 2372 539
774 2344 863 2381 sqq.

180 2484 536 2531 Fragmentorum
563 2494 896 2532 papyraceorum
927 2484 1120 2531 quatuor,
1148 2488 1255 2528 quae
1273 2481 1316 2517 in
1334 2479 1636 2517 bibliothec-am
1654 2476 1868 2514 Geneven-

123 2569 215 2597 sem
234 2569 366 2606 nuper
381 2561 678 2607 pervenerunt,
697 2559 1023 2606 descriptionem
1053 2557 1167 2596 dedit
1193 2557 1224 2594 Ι.
1243 2555 1279 2593 N
1282 2555 1387 2593 icole
1404 2554 1549 2592 Revue
1569 2553 1618 2590 de
1637 2549 1867 2596 Philologie

127 2634 238 2671 1894
266 2644 304 2681 p.
327 2635 578 2681 101—111;
609 2634 660 2672 cf.
679 2634 731 2671 H.
748 2634 863 2671 Diels
890 2634 933 2670 in
950 2633 1071 2671 Actis
1094 2630 1350 2670 Academiae
1368 2628 1620 2667 Borussicae
1641 2626 1752 2665 1894
1770 2635 1863 2673 pag.

125 2710 370 2756 349—357‚
398 2709 429 2746 Ι.
448 2709 619 2746 Menrad
646 2709 688 2746 in
712 2709 832 2746 Actis
864 2708 1121 2746 Academiae
1149 2706 1380 2744 Bavaricae
1418 2704 1529 2742 1894
1552 2713 1589 2750 p.
1624 2701 1866 2740 165-182,

124 2784 312 2832 Quorum
344 2783 684 2830 fragmentorum
718 2784 810 2831 tria,
846 2793 998 2821 versus
1031 2786 1068 2819 A
1100 2782 1272 2819 44—60
1306 2782 1352 2819 Δ
1375 2779 1545 2817 82-95
1576 2780 1607 2814 Ζ
1637 2776 1867 2815 327-353

124 2859 398 2906 continentia,
441 2859 611 2895 textum
645 2858 845 2896 exhibent
878 2857 1115 2904 vulgatum.
1151 2856 1358 2904 Quartum
1391 2864 1504 2902 vero,
1537 2854 1580 2891 in
1613 2863 1694 2899 quo
1726 2851 1868 2898 legun·

124 2935 194 2972 tur
226 2936 266 2970 Λ
300 2933 497 2972 788-Μ
525 2933 590 2981 11,
623 2933 809 2970 notabile
842 2933 908 2970 est
940 2932 1185 2970 admodum.
1223 2930 1334 2968 Nam
1365 2931 1454 2967 tres
1486 2930 1564 2967 hae
1598 2927 1777 2975 paginae
1801 2926 1869 2973 27,

127 3009 195 3058 28,
217 3010 269 3047 28
301 3019 500 3047 versuum
529 3008 732 3055 praebent
758 3009 928 3045 textum
956 3007 1160 3045 tredecim
1183 3006 1376 3043 versibus
1404 3004 1573 3052 spuriis,
1602 3002 1673 3049 qui
1701 3000 1873 3039 aliunde
