2055 3358
966 180 1029 207 XX

116 289 165 326 et
210 288 403 328 consulto
446 290 609 329 omissa
651 291 717 329 est
759 291 939 329 navium
971 291 1160 330 recensio
1193 292 1224 328 B
1257 291 1502 339 494-817,
1535 300 1643 337 quae
1676 290 1805 328 etiam
1839 299 1865 326 a

118 372 280 410 papyro
336 363 584 403 Harrisiano
640 366 683 403 et
728 375 754 403 a
807 365 1019 404 codicibus
1071 352 1353 404 Townleianov
1381 364 1581 411 Angelico
1629 363 1865 404 Genevensi

118 438 256 476 abest.

182 513 474 561 Archetypum
523 515 678 553 codicis
732 515 765 552 D
818 515 861 553 in
908 515 1087 562 singulis
1137 516 1302 563 paginis
1352 515 1552 553 habuisse
1598 523 1749 552 versus
1797 514 1865 560 21,

123 588 383 635 descriptum
432 589 527 626 inde
575 598 669 627 esse
717 589 847 627 etiam
899 586 1210 631 Genevensem
1251 584 1299 627 n⁰
1341 590 1395 626 44
1438 588 1597 626 saeculi
1626 586 1757 635 XIIIi,
1790 587 1867 625 hoc

121 664 269 700 autem
301 663 441 701 codice
470 663 701 701 Henricum
733 663 995 711 Stephanum
1025 674 1156 702 usumv
1179 674 1274 702 esse
1291 664 1333 702 in
1351 673 1430 701 sua
1445 662 1590 701 Iliadis
1608 662 1866 708 recensione,

123 737 436 775 demonstravit
462 737 498 775 J.
517 737 661 775 Nicole
687 737 730 775 in
763 737 867 776 libro
900 738 963 776 les
997 739 1152 777 scolies
1179 738 1435 776 Genevoises
1467 738 1517 775 de
1550 737 1711 775 l’Iliade
1743 736 1867 783 1891,

122 812 194 850 ubi
236 811 397 850 scholia
437 812 598 849 inedita
640 812 795 850 codicis
835 812 1096 851 Genevensis
1137 813 1367 860 evulgavit,
1411 821 1517 858 quae
1562 811 1605 848 in
1645 810 1870 858 rhapsodia

128 888 164 924 Φ
194 887 340 933 magni
371 888 473 924 sunt
504 887 643 934 pretii.

179 961 405 999 Praeterea
445 961 485 999 h.
520 961 546 999 l.
582 961 827 999 recensendi
863 963 984 1000 sunt:

177 1034 308 1076 Eust.
341 1035 621 1074 :lectiones
669 1036 720 1073 ab
765 1036 990 1074 Eustathio
1036 1037 1079 1074 in
1129 1036 1448 1074 commentariis
1495 1035 1870 1080 commemoratae,

119 1119 226 1156 quas
273 1111 370 1157 post
410 1110 683 1148 LaRochium
725 1102 865 1149 denuo
906 1121 1080 1149 summa
1122 1121 1223 1149 cura
1265 1111 1455 1150 excussit
1487 1110 1538 1148 M.
1572 1109 1797 1148 Neumann
1829 1109 1872 1147 in

119 1184 403 1223 Fleckeisen’s
462 1184 607 1223 Jahrb.
667 1185 693 1223 f.
754 1185 998 1233 Philologie,
1059 1186 1152 1223 20er
1208 1184 1596 1233 Supplementband
1662 1185 1786 1232 1893,
1832 1194 1870 1231 p.

125 1260 354 1297 143-340
387 1259 637 1306 (separatim
670 1259 810 1297 editus
844 1261 911 1297 est
944 1260 1050 1298 liber
1083 1261 1161 1298 sub
1194 1261 1341 1298 titulo:
1380 1259 1628 1298 Eustathios
1661 1259 1726 1297 als
1757 1259 1871 1296 kriti-

121 1334 221 1372 sche
265 1333 409 1381 Quelle
444 1333 510 1371 sur
545 1334 624 1372 den
657 1334 893 1382 Iliastext);
936 1335 1248 1374 demonstravit
1279 1337 1424 1373 autem
1456 1334 1670 1373 codicibus
1701 1334 1732 1372 L
1766 1335 1809 1372 et
1841 1333 1874 1371 G

120 1410 350 1455 cognatum
387 1409 520 1446 fuisse
553 1409 699 1446 Iliadis
732 1410 953 1456 exemplar
987 1420 1068 1456 quo
1101 1410 1353 1448 Eustathius
1384 1420 1490 1448 usus
1522 1411 1601 1448 est.

180 1484 330 1522 Veneti
374 1483 412 1523 B
454 1485 581 1532 (453),
615 1483 658 1524 M
691 1485 817 1533 (456),
856 1483 892 1524 N
926 1486 1025 1530 (459
1061 1486 1275 1533 chartac),
1309 1483 1342 1526 0
1375 1482 1600 1533 (bombyc.)
1645 1483 1757 1531 apud
1799 1483 1875 1521 La·

121 1559 342 1597 Rochium.
403 1558 543 1597 Codex
595 1559 628 1596 B
674 1561 843 1606 propter
897 1560 1057 1598 scholia
1113 1560 1333 1607 permagni
1390 1561 1457 1598 est
1511 1559 1649 1607 pretii,
1705 1559 1874 1606 propter

120 1634 290 1671 textum
327 1643 421 1671 raro
465 1634 887 1682 commemorandus;
927 1635 1107 1682 paginae
1139 1636 1185 1671 H
1214 1635 1443 1673 395—413
1478 1633 1735 1672 continentis
1771 1633 1872 1671 ima-

120 1707 263 1754 ginem
300 1707 507 1755 optimam
540 1708 713 1746 exhibet
744 1709 1003 1747 scholiorum
1041 1710 1170 1748 editio
1201 1709 1484 1748 Dindorfiana.
1612 1753 1616 1757 ⁴

181 1781 312 1822 Harl.
345 1800 386 1812 =
417 1782 672 1821 Harleianus
706 1785 818 1822 5693
853 1785 1014 1822 saeculi
1043 1783 1168 1833 XIVi,
1201 1795 1326 1831 quem
1356 1784 1458 1822 olim
1490 1783 1747 1822 Wittianum
1785 1782 1871 1826 (La-

120 1856 261 1895 Roche
302 1857 473 1895 Textkr.
512 1867 550 1904 p.
598 1858 681 1895 474
725 1855 770 1895 n⁰
808 1860 903 1903 101)
938 1859 1101 1897 dictum
1135 1869 1229 1898 esse
1261 1859 1504 1906 suspicatus
1536 1860 1602 1896 est
1641 1858 1790 1905 Heyne
1821 1857 1870 1895 11.

120 1931 182 1969 III
219 1941 257 1979 p.
300 1942 448 1979 xcvnr,
492 1932 804 1971 demonstravit
853 1933 917 1971 W.
959 1934 1064 1972 Leaf
1100 1933 1302 1972 Classical
1338 1934 1510 1972 Review
1551 1933 1661 1972 1889
1700 1943 1738 1980 p.
1774 1933 1870 1971 295.

120 2006 364 2044 Lectionem
402 2006 623 2053 vulgatam
665 2008 832 2045 nullum
880 2009 1221 2056 manuscriptum
1264 2009 1531 2047 constantius
1574 2008 1703 2046 refert
1741 2016 1871 2054 quam

120 2081 187 2119 hic
230 2081 361 2119 codex
403 2083 446 2119 et
489 2082 800 2120 Laurentianus
835 2082 885 2131 C;
935 2085 1058 2122 notas
1104 2085 1364 2132 marginales
1394 2085 1535 2122 inesse
1568 2084 1746 2121 minime
1780 2092 1870 2121 con-

120 2155 386 2204 temnendaS,
440 2156 491 2194 ab
546 2157 711 2204 Heynio
770 2159 915 2196 autem
972 2158 1245 2197 LaRochiove
1292 2159 1480 2197 nondum
1521 2159 1628 2196 satis
1674 2158 1872 2196 accurate

121 2239 340 2279 excussas,
378 2231 479 2268 dicit
509 2231 615 2270 Leaf
642 2232 668 2270 l.
703 2232 728 2270 l.

180 2305 311 2343 Multo
353 2305 534 2344 deterior
576 2308 643 2344 est
685 2307 942 2346 Harleianus
988 2309 1114 2356 5600,
1157 2319 1282 2355 quem
1316 2319 1425 2347 anno
1467 2309 1576 2347 1466
1611 2308 1780 2346 Rhosus
1807 2307 1871 2345 de-

123 2381 292 2427 scripsit
339 2380 590 2429 Florentiae,
639 2381 962 2420 Townleianum
1007 2384 1050 2421 et
1099 2383 1391 2422 Florentinum
1437 2383 1605 2430 aliquod
1653 2382 1873 2430 exemplar
1909 2399 1917 2410 ·

124 2458 310 2493 secutus.
340 2455 419 2494 Sed
445 2457 595 2493 notatu
624 2456 799 2503 dignum
829 2458 976 2495 censet
1005 2457 1111 2496 Leaf
1133 2458 1411 2497 Harleianum
1443 2460 1549 2497 1771
1582 2459 1742 2496 saeculi
1768 2455 1871 2505 XVi,

124 2529 166 2565 in
194 2539 274 2575 quo
303 2530 497 2568 veterum
525 2530 729 2569 lectiones
759 2515 944 2579 repperit
962 2533 1191 2571 nonnullas
1208 2543 1314 2580 quae
1332 2534 1374 2572 in
1397 2534 1549 2572 ceteris
1567 2533 1872 2581 manuscriptis

125 2613 207 2640 non
244 2607 481 2643 occurrunt.

185 2676 313 2718 Cant.
347 2695 385 2706 Σ
420 2680 762 2727 Cantabrigensis
799 2682 896 2730 300,
933 2682 1264 2729 stuttgardiensi
1297 2684 1488 2730 proxime
1522 2685 1740 2730 cognatus.

185 2751 298 2792 Mor.
332 2768 371 2779 Ξ
404 2754 506 2792 Mori
539 2755 731 2803 Episcopi
759 2756 941 2796 Eliensis
972 2757 1116 2805 codeX,
1146 2768 1198 2796 ex
1226 2758 1418 2797 Barnesii
1449 2760 1619 2797 tantum
1647 2757 1870 2796 collatione

128 2828 267 2864 notus.

189 2899 376 2941 Barocc.
408 2919 449 2930 Ξ
481 2903 763 2942 Baroccianus
812 2906 908 2944 202.
970 2905 1075 2943 Cum
1124 2907 1405 2945 Baroccianus
1447 2909 1540 2946 tum
1584 2907 1687 2945 Mori
1739 2906 1870 2944 codex

129 2975 376 3022 plerumque
409 2987 503 3014 cum
541 2978 851 3017 Vindobonensi
887 2980 918 3018 G
954 2981 1148 3018 concinit.
