2077 3358
102 173 188 211 526

800 191 855 197 ——-
892 171 927 207 T
954 173 1059 214 (XIX)
1094 192 1147 197 —

1500 171 1657 216 [Μήνιδος
1679 177 1848 216 ἂπόρρησις

247 309 273 360 ἢ
304 306 332 348 τ’
367 308 507 360 ἐχέμεν·
539 309 646 361 πάρα
678 309 749 348 σοί.
780 314 856 347 νῦν
890 307 932 348 δὲ
965 310 1208 360 μνησώμεθα
1239 310 1388 361 χάρμης

249 380 351 434 αἶψα
383 381 482 435 μάλ’,
498 407 555 412 —
573 384 620 423 οὔ
637 382 710 436 γὰρ
727 382 798 435 χρὴ
815 381 1105 435 κλοτοπευέμεν’
1127 381 1265 423 ἐνθάδ’
1288 383 1424 432 ἐόντας

142 468 204 499 150
251 457 345 499 οὐδὲ
376 459 601 511 διατρίβειν,
631 458 684 497 ἔτι
716 457 790 510 γὰρ
823 457 921 510 μέγα
951 457 1096 511 ,Ρέργον
1127 458 1290 510 ἄρεκτον
1321 481 1379 487 —-

251 535 303 581 ὥς
333 533 375 573 κέ
406 550 461 580 τις
494 529 574 572 αὖτ’
610 536 762 584 Ἀχιλῆα
794 532 889 583 μετὰ
920 532 1107 586 πρώτοισι
1137 534 1299 584 ,Ρίδηται

253 608 353 661 ἔγχεϊ
380 608 540 663 χαλκείῳ
575 607 719 659 Τρώων
750 605 932 647 ὀλέκοντα
962 609 1176 660 φάλαγγας.

252 678 328 722 ὧδέ
359 698 414 729 τις
446 682 592 733 ὑμείων
624 681 868 732 μεμνημένος
898 681 1014 735 ἀνδρὶ
1045 682 1265 734 μαχέσθω.“

312 757 379 796 τὸν
405 753 444 795 δ’
473 756 786 808 ἀπαμειβόμενος
814 756 995 809 προσέφη
1021 759 1235 808 πολύμητις
1247 755 1468 805 Ὀδυσσεύς·

142 841 204 872 155
250 832 336 883 »μὴ
371 829 405 871 δ’
442 832 578 883 οὕτως,
608 831 761 884 ἀγαθός
791 846 862 884 περ
895 831 982 884 ε’ὼν,
1010 829 1222 872 &eof-elusi?
1258 835 1436 884 Ἀχιλλεῦ,

252 907 412 957 νήστιας
445 906 582 959 ὄτρυνε
611 907 724 959 προτὶ
758 908 891 947 Ρίλιον
922 903 1012 955 υἷας
1044 911 1203 959 Ἀχαιῶν

258 981 385 1033 Τρωσὶ
430 981 755 1034 μαχεσσομένους,
786 981 869 1022 ἐπεὶ
900 983 974 1022 οὐκ
1006 981 1137 1035 ὀλίγον
1168 982 1310 1034 χρόνον
1342 981 1446 1021 ἔσται

256 1058 440 1108 φύλοπις,
470 1052 554 1096 εὗτέ
584 1072 626 1097 κε
655 1064 810 1110 πρῶτον
843 1056 1054 1109 ὁμιλήσωσι
1085 1057 1280 1110 φάλαγγες

257 1130 428 1184 ἀνδρῶν,
459 1131 500 1171 ἐν
532 1130 574 1171 δὲ
602 1132 698 1180 θεὸς
727 1133 879 1188 πνεύσῃ
911 1131 1026 1183 μένος
1063 1131 1326 1184 ἀμφοτέροισι.

144 1215 208 1247 160
257 1206 355 1246 ἀλλὰ
384 1207 590 1247 πάσασθαι
620 1206 774 1260 ἄνωχθι
804 1205 920 1263 θοῇο)
956 1207 1018 1247 ἐπὶ
1048 1207 1191 1259 νηυσὶν
1222 1208 1396 1260 Ἀχαιοὺς

257 1283 364 1322 σίτου
395 1281 462 1321 καὶ
491 1283 659 1322 fulvom·
692 1282 734 1322 τὸ
766 1283 838 1335 γὰρ
871 1281 986 1334 μένος
1018 1282 1095 1322 ἐστὶ
1124 1282 1191 1322 καὶ
1221 1282 1330 1333 ἀλκή.

257 1357 304 1397 οὐ
336 1356 409 1409 γὰρ
443 1356 543 1409 ἀνὴρ
574 1358 732 1410 πρόπαν
762 1352 868 1410 ἦμαρ
901 1357 938 1405 ἐς
970 1357 1101 1409 ἠέλιον
1131 1358 1354 1398 καταδύντα

259 1431 434 1483 ἄκμηνος
466 1433 585 1471 σίτοιο
619 1433 828 1483 δυνήσεται
858 1431 956 1472 ἄντα
987 1433 1192 1485 μάχεσθαι·

259 1507 298 1546 εἴ
326 1522 397 1559 περ
430 1507 503 1559 γὰρ
533 1511 652 1562 θυμῷ
683 1522 726 1560 γε
759 1508 956 1558 μενοινάει
987 1509 1218 1560 πολεμίζειν,

142 1590 211 1622 465
259 1580 355 1621 ἀλλά
385 1597 423 1621 τε
454 1582 585 1637 λάθρῃ
617 1586 710 1634 γυῖα
742 1583 967 1634 βαρύνεται,
997 1581 1067 1634 ἠδὲ
1096 1584 1244 1635 κιχάνει

262 1657 362 1706 δίψα
392 1672 430 1696 τε
459 1656 525 1696 καὶ
557 1656 680 1708 λιμὸς,
711 1657 895 1709 βλάβεται
926 1656 969 1696 δέ
999 1672 1038 1696 τε
1067 1655 1220 1710 γούνατ’
1249 1658 1357 1698 ἰόντι.

1529 611 1664 642 152¹²=
1683 614 1710 643 Θ
1734 613 1796 642 279

1527 838 1691 869 155--Α
1717 840 1779 870 131

1535 1293 1595 1322 161
1610 1295 1686 1321 =I
1707 1290 1769 1320 706

1535 1368 1596 1398 162
1622 1368 1664 1398 cf.
1689 1367 1723 1396 A
1748 1367 1810 1398 601

1539 1667 1702 1700 166¹²=v
1726 1670 1768 1699 34

260 1729 302 1779 ὃς
335 1731 377 1771 δέ
406 1729 436 1771 κ’
473 1731 573 1784 ἀνὴρ
604 1732 760 1771 Ἠοίνοιο
793 1732 1077 1783 κορεσσάμενος
1107 1731 1174 1771 καὶ
1204 1732 1353 1785 ἐδωδῆς

261 1806 428 1859 ἀνδράσι
459 1806 709 1857 δυσμενέεσσι
739 1805 980 1860 πανημέριος
1017 1808 1215 1863 πολεμίζῃ,

1541 1817 1621 1850 168³>
1645 1819 1687 1849 cf.
1712 1820 1741 1848 A
1766 1818 1828 1848 279

209 1880 215 1883 ’
259 1881 482 1934 θαρσαλέον
511 1883 562 1922 νύ
592 1884 661 1922 fot
695 1877 788 1934 ἦτορ
822 1881 880 1921 ἐνὶ
914 1881 1066 1934 φρεσὶν,
1097 1881 1192 1922 οὐδέ
1227 1899 1262 1922 τι
1292 1886 1385 1935 γυῖα

150 1965 214 1999 170
258 1956 351 2009 πρὶν
383 1957 534 2008 κάμνει,
563 1956 657 2009 πρὶν
689 1958 839 2004 πάντας
873 1957 1041 2009 ἐρωῆσαι
1079 1957 1275 2009 πολέμοιο.

260 2030 334 2072 ἀλλ’
370 2031 438 2085 ἄγε
469 2033 564 2072 λαὸν
595 2031 666 2084 μὲν
698 2032 888 2072 σκέδασον
918 2032 984 2071 καὶ
1015 2033 1176 2072 δεῖπνον
1205 2032 1359 2084 ἄνωχθι

264 2106 480 2147 ὁπλέῖσθαι·
512 2107 558 2146 τὰ
590 2105 632 2146 δὲ
665 2107 772 2159 δῶρα
802 2107 933 2155 Ἐάναξ
965 2106 1122 2159 ἀνδρῶν
1153 2107 1401 2160 Ἀγαμέμνων

1537 2040 1745 2078 171bsq.·=
1758 2040 1860 2070 111158

1812 2092 1862 2122 sq.

262 2182 396 2223 οἰσέτω
429 2183 482 2230 είς
516 2181 662 2234 μέσσην
694 2182 856 2235 ἀγορὴν,
886 2183 951 2222 ἵνα
985 2183 1126 2230 πάντες
1162 2183 1305 2235 Ἀχαιοὶ

263 2257 505 2310 ὀφθαλμοῖσι
534 2259 690 2309 fldem,
721 2259 768 2298 σὺ
802 2257 844 2298 δὲ
875 2258 989 2311 φρεσὶ
1021 2266 1134 2314 σῇσιν
1165 2259 1323 2315 ἰανθῇς.

155 2342 217 2376 175
265 2332 438 2385 ὀμνυέτω
471 2332 513 2372 δέ
543 2349 602 2373 τοι
635 2333 769 2386 ὅρκον,
802 2333 843 2373 ἐν
877 2335 1100 2386 Ἀργείοισιν
1132 2333 1316 2386 ἀναστὰς,

164 2471 226 2502 149
239 2473 304 2511 sq]
329 2475 406 2511 post
429 2481 477 2502 vs.
503 2472 564 2502 153
590 2472 733 2502 collocat
752 2472 956 2511 Peppmuel-

119 2524 179 2563 ler,
202 2526 318 2563 Heyne
342 2534 421 2556 vero
445 2534 494 2555 vs.
521 2526 582 2555 153
607 2525 752 2555 delebat.

166 2576 228 2607 149
259 2578 484 2615 κλοτοπευέμεν’
524 2577 542 2616 ἓ
575 2577 653 2616 125]
686 2580 777 2607 -εύειν
805 2586 886 2607 mss.
916 2594 956 2598 —

119 2630 266 2660 Verbum
301 2631 331 2666 †‚
364 2631 460 2660 cuius
492 2632 627 2668 etymon
662 2631 852 2668 ignoratum
879 2638 957 2660 eon-

121 2682 201 2712 serri
225 2685 339 2721 potest
363 2685 568 2723 στρεύγεσθαι
597 2687 620 2711 ο
645 2683 718 2712 512.

166 2735 229 2765 150
241 2736 382 2776 ἄρεκτον]
396 2734 428 2775 †‚
448 2732 605 2776 Hfsyuzor
620 2736 780 2773 LMeyer3
795 2735 869 2773 cfjg
884 2735 957 2765 224.

167 2787 229 2817 153
252 2787 322 2827 ὧδέ]
347 2788 386 2823 ὣς
409 2788 442 2818 δέ
465 2789 494 2818 D
518 2789 549 2818 H
576 2789 670 2818 Eust.

166 2839 227 2870 157
262 2841 513 2878 ,ιιιιχεσσομένους
551 2842 568 2878 ἓ
603 2840 680 2878 291]
724 2841 960 2879 μαχησομένους

120 2889 372 2932 (μαχησαμέιόυς
394 2891 438 2934 D)
463 2902 542 2923 mss.

167 2943 229 2974 158
254 2942 317 2974 εὖτέ
343 2957 373 2974 κε
398 2947 414 2983 ξ
441 2945 519 2984 326]
547 2943 604 2975 εὖτ’
633 2945 670 2974 ἂν
694 2954 773 2974 mss.

168 2995 230 3026 163
254 2997 401 3035 ἄκμηνος]
423 2999 554 3036 ignotae
577 2998 716 3035 originis
729 2998 793 3027 adi.
809 2995 958 3038 (ieiunum

123 3049 311 3087 significare
344 3050 497 3089 apparet)
530 3050 661 3080 nonnisi
694 3051 725 3079 in
752 3050 873 3079 vicinia
898 3047 959 3090 (vs.
992 3074 995 3087 ,

1025 2474 1098 2508 207,
1123 2475 1198 2510 320,
1222 2475 1300 2513 346)
1326 2473 1423 2504 redit.
1448 2473 1628 2504 Diversum
1657 2474 1708 2502 est
1731 2473 1866 2510 ἀκμηνός

1024 2533 1051 2563 ψ
1077 2527 1149 2555 191.

1069 2577 1133 2608 164
1155 2581 1304 2615 μενοινὰει
1329 2577 1346 2619 §
1372 2579 1434 2608 190
1459 2579 1493 2608 et
1518 2574 1595 2620 191]
1621 2579 1694 2616 -vo'tqt
1718 2586 1796 2607 mss.

1072 2629 1133 2660 166
1157 2630 1318 2670 βλάβεται]
1343 2630 1362 2669 ἓ
1388 2631 1462 2660 244.

1072 2681 1134 2712 172
1170 2684 1334 2713 ὁπλεῑσθαι
1375 2682 1546 2721 PKnight]
1592 2683 1744 2711 ὅπλεσθαι
1784 2690 1864 2712 mss.

1026 2735 1106 2764 vitio
1141 2738 1257 2774 aperto
1292 2735 1348 2765 hic
1383 2737 1418 2765 et
1455 2739 1489 2765 Ψ
1521 2736 1601 2772 159;
1637 2735 1680 2765 ef.
1715 2736 1731 2770 ζ
1759 2735 1799 2765 73
1832 2737 1865 2764 et

1026 2788 1043 2824 ξ
1070 2789 1142 2817 144.

1073 2839 1135 2870 174
1160 2840 1262 2880 σῇσιν]
1289 2836 1356 2879 ᾗσιν
1380 2840 1409 2870 G
1426 2840 1452 2869 L
1477 2840 1568 2870 Vrat.
1592 2842 1671 2870 noto
1695 2848 1816 2870 errore.
1847 2836 1859 2879 ΙΙ

1026 2892 1151 2931 ἰανθῇς]
1176 2893 1344 2922 novicium
1369 2901 1430 2930 pro
1455 2895 1557 2931 -θιξῃς,
1578 2893 1620 2922 ef.
1645 2892 1663 2931 ξ
1687 2892 1759 2922 122.
1781 2891 1864 2922 Coll.

1029 2948 1059 2973 N
1081 2946 1142 2974 609
1168 2945 1375 2974 ooniecimus
1398 2947 1530 2985 2092}75;;
1556 2944 1659 2974 verbo
1678 2946 1783 2974 tainu·
1806 2943 1864 2973 da-

1027 2997 1115 3026 tivus
1140 2997 1223 3026 alias
1247 3006 1313 3027 non
1338 2996 1482 3032 additur,
1507 2996 1572 3026 vid.
1598 3009 1621 3025 ω
1646 2997 1720 3026 382.

1073 3047 1134 3079 175
1160 3048 1309 3087 ὀμνυέτω]
1334 3048 1400 3079 vid.
1421 3049 1438 3086 §
1459 3049 1531 3078 145.
1550 3046 1563 3088 Η
1590 3044 1696 3090 ὅρκον]
1717 3049 1804 3090 ἔργον
1823 3049 1864 3079 D.
