2055 3358
955 193 1040 219 XVI!

121 307 274 346 stonici
315 307 421 345 libro
463 307 513 344 de
556 306 795 345 Aristarchi
837 307 951 344 notis
984 307 1142 345 criticis
1181 304 1281 355 (περὶ
1315 303 1486 355 σημείων
1519 309 1585 354 τῆς
1612 301 1778 351 Ἰλιάδος
1812 304 1877 342 καὶ

114 378 369 428 Ὀδυσσείας),
409 383 595 429 Augusti
636 383 828 430 tempore
862 382 1033 430 scripto.
1068 381 1381 421 interciderunt
1412 381 1513 419 folia
1549 383 1615 430 19,
1649 383 1691 420 in
1724 383 1877 428 quibus

119 458 266 506 scripti
299 460 420 496 erant
452 468 605 496 versus
635 458 671 493 E
701 458 946 505 age—635,
978 459 1009 494 P
1033 458 1278 505 277—577,
1311 458 1554 505 729-761,
1583 458 1712 496 T126
1730 458 1875 504 -326,

119 533 160 569 Ω
192 533 449 580 405—5o4;
482 532 652 571 saeculo
685 527 785 570 XV0
817 533 966 570 textus
999 543 1052 570 ex
1082 533 1164 571 alio
1197 533 1339 571 codice
1368 534 1433 571 est
1461 533 1705 580 suppletus3
1735 533 1777 570 in
1810 533 1877 570 his
1940 554 1941 559 =

118 609 248 656 igitur
281 610 363 647 935
396 609 592 647 versibus
627 608 783 646 codicis
816 608 890 645 vix
923 608 1011 645 ulla
1045 610 1112 646 est
1144 609 1392 646 auctoritas.

179 684 347 723 Scholia
392 679 477 722 HI0
509 695 547 732 p.
579 683 620 722 C.
654 683 825 722 saeculo
869 683 921 721 ab
955 684 1119 722 erudito
1157 684 1298 731 aliquo
1333 684 1421 722 viro
1454 686 1555 722 sunt
1587 685 1788 731 excerpta
1824 694 1877 721 ex

117 760 347 798 Aristonici
374 760 480 798 libro
513 760 638 797 modo
670 759 856 808 laudato,
891 769 969 798 nec
1006 770 1090 798 non
1124 770 1145 798 e
1177 760 1294 798 libris
1328 760 1513 808 Didymi,
1547 759 1619 806 qui
1645 759 1875 797 Aristonici

118 835 311 882 aequalis
343 836 436 883 fuit,
470 836 521 874 de
553 834 792 873 Aristarchi
823 835 1070 873 recensione
1099 833 1200 885 (περὶ
1231 840 1298 884 τῆς
1326 835 1571 885 Ἀριστάρχου
1601 833 1877 884 διορθώσεως),

117 910 349 949 Herodiani
381 911 433 949 de
464 910 659 958 prosodia
692 910 923 948 Homerica
956 908 1057 961 (περὶ
1088 915 1156 960 τῆς
1184 906 1351 960 Ἰλιακῆς
1376 910 1627 964 προσῳδίας),
1653 910 1875 948 Nicanoris

117 987 298 1033 denique
345 986 394 1024 de
444 986 620 1024 Homeri
662 986 1005 1033 interpunctione
1050 984 1151 1036 (περὶ
1188 988 1372 1037 στιγμῆς).
1405 986 1674 1024 Herodianus
1708 987 1875 1033 patrem

114 1062 263 1099 habuit
291 1061 565 1109 Apollonium
594 1061 828 1108 Dyscolum
855 1061 1192 1108 grammaticum
1216 1061 1508 1109 notissimum,
1538 1062 1700 1099 Romae
1729 1063 1874 1099 autern

114 1137 258 1174 floruit
300 1137 379 1174 sub
425 1136 565 1175 Marco
597 1136 797 1184 Aurelio;
837 1136 1021 1175 Nicanor
1054 1137 1132 1174 sub
1166 1136 1382 1175 Hadriano
1417 1137 1539 1175 vixit.
1574 1137 1755 1174 Disertis
1787 1146 1875 1174 ver-

116 1212 180 1250 bis
227 1213 270 1249 hi
316 1212 457 1250 fontes
505 1212 748 1249 indicantur
789 1211 833 1248 in
878 1210 961 1249 fine
1004 1212 1273 1258 singularum
1305 1212 1643 1259 rhapsodiarum,
1679 1222 1709 1249 e.
1749 1221 1787 1258 g.
1823 1212 1874 1249 ad

116 1288 278 1326 calcem
314 1287 566 1335 rhapsodiae
600 1288 658 1326 F:
705 1286 935 1338 παράκειται
967 1286 1013 1324 τὰ
1044 1287 1307 1338 Ἀριστονίκου
1346 1291 1486 1337 σημεῖα
1518 1285 1584 1324 καὶ
1615 1285 1660 1324 τὰ
1693 1287 1876 1336 Διδύμου

116 1361 203 1413 περὶ
244 1368 311 1412 τῆς
355 1362 636 1413 Άρισταρχείου
683 1362 946 1413 διορθώσεως,
989 1361 1076 1400 τινὰ
1113 1360 1155 1400 δὲ
1186 1361 1252 1400 καὶ
1283 1360 1325 1400 ἐκ
1355 1368 1422 1412 τῆς
1451 1359 1619 1412 Ἰλιακῆς
1652 1362 1876 1417 προσῳδίας

111 1434 361 1488 τΗρωὸιανοῦ
395 1436 458 1476 καὶ
493 1437 720 1488 Νικάνορος
753 1436 841 1489 περὶ
872 1444 940 1488 τῆς
966 1435 1181 1489 Ὁμηρικῆς
1215 1444 1388 1490 στιγμῆς.

179 1514 242 1552 Ex
276 1516 457 1561 quatuor
487 1514 618 1561 igitur
650 1514 767 1553 hisce
799 1514 919 1552 libris
951 1516 1152 1562 excerpta
1185 1515 1346 1553 scholia
1380 1515 1431 1553 ad
1464 1515 1642 1553 Iliadem
1677 1517 1720 1553 et
1748 1515 1875 1562 Odys-

121 1600 241 1628 seam
273 1592 423 1638 postea
455 1591 506 1628 ab
541 1591 724 1628 indoctis
753 1591 938 1628 librariis
971 1591 1013 1628 in
1056 1591 1295 1629 breviorem
1333 1591 1655 1637 brevioremque
1691 1591 1875 1629 formam

120 1675 204 1703 non
252 1666 344 1703 sine
397 1675 551 1703 sensus
595 1666 852 1704 detrimento
900 1668 1001 1703 sunt
1048 1667 1281 1715 contracta,
1328 1668 1423 1704 tum
1470 1666 1735 1704 intermixtis
1781 1666 1877 1704 Por-

118 1741 257 1788 phyrii
284 1741 476 1779 verbosis
505 1741 949 1779 animadversionibus
972 1741 1238 1788 aliorumque
1267 1741 1654 1780 observatiunculis
1682 1741 1877 1779 futilibus

119 1816 187 1855 vel
218 1817 348 1855 etiam
383 1817 508 1864 plane
543 1816 739 1854 absurdis
771 1817 813 1854 in
841 1817 1107 1854 immensum
1142 1819 1243 1854 sunt
1275 1817 1469 1855 adaucta.
1502 1817 1695 1855 Dubitari
1727 1818 1875 1855 autem

116 1892 264 1939 nequit
295 1892 396 1939 quin
429 1892 593 1930 multae
627 1892 1016 1930 Alexandrinorum
1051 1892 1373 1930 observationes
1400 1893 1571 1931 criticae
1599 1893 1674 1930 aut
1701 1892 1877 1930 omnino

114 1967 408 2006 interciderint
455 1969 531 2005 aut
577 1968 638 2005 ita
686 1967 913 2006 mutilatae
956 1969 1007 2006 ad
1053 1978 1131 2006 nos
1173 1968 1444 2015 pervenerint
1481 1970 1530 2006 ut
1560 1979 1689 2006 verus
1721 1978 1876 2006 sensus

116 2053 194 2081 nos
226 2043 374 2090 fugiat.
408 2043 439 2080 E
473 2043 714 2081 Genevensi
745 2043 887 2081 codice
916 2044 979 2088 (de
1009 2053 1090 2090 quo
1122 2044 1202 2082 vid.
1231 2044 1355 2088 infra)
1382 2043 1599 2092 nonnulla,
1628 2053 1736 2090 quae
1763 2044 1872 2081 vete-

116 2128 184 2156 res
213 2118 347 2156 critici
375 2119 427 2156 ad
455 2119 612 2156 librum
646 2119 682 2154 Φ
710 2119 1035 2167 annotaverant,
1065 2119 1222 2157 melius
1251 2130 1385 2167 nuper
1410 2120 1688 2157 innotuerunt
1702 2131 1720 2166 ;,
1739 2129 1875 2166 pauca

115 2195 336 2240 praeterea
368 2204 389 2231 e
422 2194 594 2241 papyris
628 2195 730 2231 sunt
763 2194 973 2241 suppleta.

175 2269 413 2307 Aristarchi
445 2269 568 2315 signa
600 2269 761 2317 critica,
796 2279 904 2316 quae
937 2279 1066 2317 supra
1099 2270 1551 2318 commemoravimus,
1584 2271 1689 2308 haec
1720 2270 1844 2306 sunt:

180 2346 216 2389 1)
245 2344 400 2394 διπλῆ
429 2347 601 2393 (>—),
631 2354 761 2391 quam
788 2345 1026 2392 apponebat
1054 2345 1248 2383 versibus
1268 2346 1339 2383 ubi
1362 2346 1601 2383 occurreret
1620 2344 1875 2382 vocabulum

116 2419 286 2458 difficile
319 2421 393 2458 aut
423 2419 549 2458 lectio
583 2420 752 2458 diversa
785 2422 860 2458 aut
903 2420 1060 2467 aliquid
1104 2421 1214 2467 quod
1248 2421 1300 2459 ad
1336 2421 1442 2459 alios
1474 2421 1590 2459 locos
1629 2421 1742 2458 recte
1782 2428 1873 2458 con·

115 2495 355 2533 stituendos
403 2496 636 2533 conducere
686 2496 856 2542 putaret
870 2508 878 2543 ;
929 2506 963 2533 e.
1009 2505 1047 2542 g.
1095 2498 1132 2532 A
1177 2497 1200 2533 3
1243 2492 1300 2544 „7‘2
1335 2495 1450 2545 διπλῆ
1496 2494 1551 2533 ὅτι
1600 2492 1699 2540 τινὲς
1744 2500 1874 2540 κακῶς

115 2569 312 2621 γράφουσι
344 2569 550 2618 κεφαλάς(ί
585 2573 672 2617 (pro
706 2570 862 2620 ψυχάς).

176 2647 214 2691 2)
249 2645 405 2695 διπλῆ
429 2644 839 2697 περιεστιγμένη
869 2648 1038 2694 (>2—),
1068 2648 1120 2685 ad
1143 2646 1457 2693 redarguendos
1474 2646 1678 2684 Zenodoti
1695 2655 1872 2683 errores

115 2721 159 2759 E.
182 2731 221 2768 g.
257 2722 288 2757 Β
322 2721 428 2760 239ζ
462 2717 519 2770 ,φὴ
552 2720 670 2770 διπλῆ
702 2720 993 2773 περιεστιγμένη
1028 2721 1083 2760 ὅτι
1121 2721 1344 2771 Ζηνόδοτος
1376 2720 1519 2772 γράφει
1550 2719 1649 2759 ἑοῦίί
1684 2724 1769 2769 (pro
1803 2719 1871 2765 ἕο).

175 2797 214 2841 3)
248 2793 429 2846 ὁβελός
462 2799 572 2845 (-),
608 2797 660 2835 ad
692 2798 901 2836 notandos
934 2808 1086 2836 versus
1120 2798 1309 2844 aliquam
1344 2797 1394 2835 ob
1427 2807 1603 2836 causam
1633 2798 1869 2844 suspectos.

113 2871 158 2910 E.
192 2882 230 2919 g.
264 2874 302 2908 A
335 2872 531 2910 29—31:
571 2870 841 2919 ,,ἀθετοῦνται
884 2871 940 2910 ὅτι
983 2871 1203 2911 ἀναλύουσι
1245 2871 1316 2922 τὴν
1360 2870 1535 2910 ἐπίτασιν
1578 2878 1647 2910 τοῦ
1694 2877 1764 2910 νοῦ
1808 2869 1874 2909 καὶ

113 2945 183 2995 τὴν
215 2944 415 2996 ἀπειλήν.“
448 2947 523 2985 Est
552 2948 699 2986 autem
737 2948 807 2986 ubi
836 2948 942 2996 diple
971 2950 1013 2986 et
1040 2948 1173 2986 obelus
1201 2948 1461 2986 coniunctim
1493 2949 1727 2996 ponantur;
1762 2958 1796 2986 e.
1831 2957 1869 2994 g.

116 3023 153 3058 K
188 3023 273 3060 240
306 3020 341 3062 Ξ
371 3023 466 3060 114.
