2055 3358
197 203 281 242 244
914 225 971 230 -
1003 205 1028 240 I
1053 206 1127 249 (IX)
1159 225 1216 229 —
1767 204 1939 245 [Πρεσβεια

344 340 382 389 ἐξ
414 339 510 392 ἐμέ’·
542 340 639 380 ἀλλὰ
669 339 710 380 σὲ
739 342 875 391 παῖδα,
903 338 1031 379 θεοῖσ’
1069 338 1267 380 ἐπιάῖείκεῗ
1305 343 1484 391 Ἀχιλλεῦ,

232 425 295 455 495
336 413 556 467 ’ποιεόμῃν,
585 416 650 454 ἴνα
681 416 749 466 μοί
775 412 855 454 ποτ’
890 414 1050 454 ἀᾶῑεικέα
1079 415 1211 468 λοιγὸν
1242 415 1407 469 ἀμύνῃς.
1609 415 1797 447 495b=11
1818 418 1858 447 32

343 488 418 530 ἀλλ’
454 494 610 542 Ἀχιλεῦ,
639 489 822 541 δάμασον
847 489 982 544 θυμὸν
1013 489 1145 543 μέγαν·
1177 489 1271 530 οὐδέ
1301 491 1338 529 τί
1367 501 1408 528 σε
1439 488 1509 540 χρὴ

342 563 475 617 νηλεὲς
505 560 597 617 ἦτορ
629 565 738 616 ἔχειν·
770 564 944 616 στρεπτοὶ
975 564 1018 604 δέ
1047 580 1085 605 τε
1115 565 1182 604 καὶ
1211 564 1301 605 θεοὶ
1333 563 1458 615 αὐτοὶ,

344 647 421 679 τῶν
451 655 522 692 περ
552 639 618 679 καὶ
649 640 787 691 μείζων
819 639 933 692 ἀρετὴ
964 641 1053 691 τιμή
1084 656 1122 680 τε
1154 641 1220 693 βίη
1252 656 1300 679 τε.

344 714 409 753 καὶ
441 712 512 765 μὲν
543 714 634 761 τοὺς
665 713 825 754 θυέεσσι
854 713 921 754 καὶ
951 712 1138 770 εὐχωλῇσ’
1175 714 1342 769 ἀγανῇσι

234 798 296 829 500
342 791 457 845 λοιβῇ
486 804 525 828 τε
555 789 670 845 κνίσῃ
700 804 739 828 τε
768 786 1088 842 παρατροπάουσ’
1124 788 1332 841 ἅνθρωποι

343 864 576 915 λισσόμενοι,
605 863 665 903 ὅτε
695 863 762 903 κέν
792 879 848 911 τις
879 863 1059 918 ὑπερβήῃ
1090 863 1156 902 καὶ
1188 862 1349 918 ἁμάρτῃ.

343 937 410 977 καὶ
439 939 512 991 γάρ
542 953 581 978 τε
611 939 713 978 λιταί
741 939 813 977 εἰσι
843 938 938 986 Διὸς
968 945 1108 990 κοῦραι
1140 939 1334 990 μεγάλοιο,

344 1015 465 1065 χωλαί
491 1029 529 1053 τε
560 1013 680 1066 ῥυσαί
707 1028 745 1052 τε
776 1011 1034 1066 παραβλῶπές
1066 1009 1091 1051 τ’
1130 1010 1339 1063 ὀφθαλμὼ,

345 1090 393 1128 αἴ
416 1090 465 1142 ῥά
494 1105 533 1129 τε
564 1088 630 1128 καὶ
660 1086 856 1140 μετόπισθ’
893 1089 1026 1139 Ἀάτης
1059 1086 1239 1140 ἀλέγουσι
1271 1093 1438 1126 κιοῦσαι.

237 1174 298 1204 505
345 1163 370 1216 ἣ
402 1162 437 1203 δ’
474 1165 586 1216 Ἀάτη
620 1164 795 1216 σθεναρή
829 1179 867 1202 τε
897 1162 964 1202 καὶ
995 1162 1168 1215 ἀρτίπος,
1199 1163 1343 1202 οὕνεκα
1373 1163 1500 1209 πάσας

345 1239 490 1279 πολλὸν
520 1238 796 1291 ὑπεκπροθέει,
825 1238 975 1289 φθάνει
1007 1237 1050 1277 δέ
1079 1253 1118 1277 τε
1148 1244 1279 1276 πᾶσαν
1311 1234 1365 1276 ἐπ’
1401 1234 1492 1276 αἶαν

347 1311 560 1367 βλάπτουσ’
596 1313 847 1365 ἀνθρώπους·
879 1315 921 1351 αἳ
949 1310 985 1352 δ’
1023 1311 1244 1360 ἐξακέονται
1275 1310 1431 1351 ὀπίσσω.

347 1387 390 1437 ὃς
422 1388 492 1441 μέν
522 1386 549 1428 τ’
584 1387 775 1428 αἰδέσεται
806 1389 952 1440 κούρας
983 1387 1078 1434 Διὸς
1110 1383 1232 1427 ἆσσον
1263 1388 1412 1438 ἰούσας,

345 1465 413 1504 τὸν
445 1462 487 1503 δὲ
518 1461 595 1516 μέγ’
631 1463 788 1514 ὤνησαν
819 1463 888 1501 καί
913 1459 940 1501 τ’
974 1461 1113 1501 ἔκλυον
1144 1460 1383 1513 εὐξαμένοιο·

239 1548 301 1579 510
345 1537 363 1552 Η
420 1539 462 1578 ὃΙ
512 1536 521 1552 9
566 1538 575 1553 9
620 1539 630 1551 Ι
836 1538 846 1552 Ι
1056 1543 1074 1550 u
1143 1536 1152 1551 3
1270 1537 1280 1551 Ι

345 1555 387 1586 ος
445 1555 461 1578 ε
490 1555 514 1578 κ
555 1553 748 1589 ανηνῃται
777 1553 843 1577 και
872 1552 911 1576 τε
942 1549 1101 1589 στερεως
1133 1538 1347 1591 αποίῑειπῃ,

349 1615 546 1653 λίσσονται
578 1610 615 1652 δ’
652 1612 727 1664 ἄρα
757 1613 822 1651 ταί
849 1627 891 1664 γε
922 1612 1000 1650 Δία
1033 1612 1242 1663 Κρονίωνα
1273 1617 1428 1650 κιοῦσαι

347 1697 398 1744 τῷ
430 1689 566 1739 Ἀάτῃν
598 1685 658 1739 ἅμ’
693 1686 871 1737 ἕπεσθαι,
902 1687 966 1725 ἵνα
998 1685 1193 1738 βλαφθεὶς
1224 1685 1400 1740 ἀποτίσῃ.

349 1761 424 1803 ἀλλ’
461 1767 617 1815 Ἀχιλεῦ,
645 1762 740 1814 πόρε
770 1761 836 1800 καὶ
867 1761 915 1800 σὺ
947 1760 1042 1808 Διὸς
1075 1761 1266 1815 κούρῃσιν
1297 1759 1462 1800 ἕπεσθαι

349 1838 476 1890 τιμὴν,
506 1838 532 1889 ἥ
562 1835 587 1877 τ’
623 1836 750 1877 ἄλλων
780 1851 851 1889 περ
883 1835 1134 1888 ἐπιγνάμπτει
1164 1835 1260 1875 νόον
1291 1835 1455 1874 ἐσθλῶν.

240 1922 300 1953 515
348 1913 380 1952 εἰ
411 1911 480 1964 μὲν
511 1912 584 1965 γὰρ
617 1911 669 1963 μὴ
702 1912 809 1963 δῶρα
840 1909 966 1961 φέροι,
995 1909 1041 1948 τὰ
1073 1906 1110 1949 δ’
1146 1906 1277 1949 ὄπισθ’
1314 1908 1497 1961 ὀνομάζοι

351 1989 553 2040 Ἀτρεΐδης,
582 1984 658 2026 ἀλλ’
693 1984 777 2025 αἰὲν
809 1983 1046 2034 ἐπιζαφέλως
1077 1985 1315 2035 χαλεπαίνοι,

247 2111 313 2141 494
336 2111 396 2149 ἔμέ’
421 2111 439 2148 ξ
464 2110 520 2153 92]
546 2113 614 2147 ἐμεῦ
637 2118 718 2139 mss.

248 2162 312 2193 495
333 2164 493 2201 ’ποιεύμην
519 2164 534 2199 ἓ
557 2161 635 2201 191]
654 2164 762 2200 -εὐμην
780 2169 860 2190 mss.
881 2159 893 2201 Ι]
912 2160 1039 2199 ἀμύνῃς]

205 2216 246 2246 de
271 2215 484 2245 subiunctivo
507 2215 573 2243 vid.
598 2214 641 2243 ad
663 2215 697 2243 A
727 2214 798 2243 158.

249 2267 315 2298 499
336 2268 391 2305 μὲν
426 2268 496 2301 τοὺς
530 2263 670 2306 θυέεσσι]
706 2267 776 2300 τοὺς
810 2265 865 2303 μὲν
899 2267 1040 2295 θυσίαισι

205 2321 290 2350 Plat.
314 2321 396 2358 Rep.
420 2319 454 2348 ΙΙ
478 2318 573 2348 364d.

252 2371 317 2403 500
339 2367 588 2412 λοιβῇ...κνίσῃ]
614 2371 635 2400 l.
660 2380 688 2399 a.
715 2372 990 2410 λοιβῆς...κνίσης.
1023 2368 1035 2410 Η

205 2423 456 2466 παρατροπάουσ’
485 2423 583 2462 §191
610 2424 643 2452 et
674 2422 752 2460 251]
776 2422 933 2463 -tqwrtc‘bo’
960 2431 1041 2452 mss.

207 2478 323 2515 Comp.
348 2476 480 2506 nonnisi
504 2476 519 2505 ὁ
545 2475 608 2504 465
632 2475 730 2504 redit.

251 2528 330 2567 501]
355 2529 508 2567 spurium
537 2536 610 2557 esse
634 2527 855 2565 suspicamur.
894 2524 907 2567 ΙΙ
941 2527 1041 2556 λισσό-

206 2579 301 2621 μενοι]
327 2581 421 2610 verbi
443 2580 534 2610 notio
561 2580 737 2618 recentior,
760 2579 826 2609 vid.
850 2579 868 2618 ξ
894 2580 967 2609 220.

253 2632 413 2671 502-512]
438 2634 556 2662 notatu
569 2632 765 2669 dignissima
785 2633 836 2661 est
848 2631 947 2660 unica
960 2630 1043 2660 haec

210 2694 296 2723 quae
319 2686 352 2714 in
377 2685 582 2714 carminibus
605 2684 711 2722 epicis
742 2683 910 2713 invenitur
932 2683 1043 2719 imago

209 2738 405 2775 allegorica3
425 2737 504 2766 hinc
525 2745 660 2774 quoque
694 2737 812 2766 reeens
847 2735 948 2765 huius
979 2735 1042 2764 loci

209 2790 304 2827 origo
329 2788 405 2828 (vid.
430 2789 471 2818 ad
495 2798 543 2818 vs.
570 2787 645 2828 182)
671 2789 821 2827 apparet.
844 2788 908 2823 Qui
931 2786 1043 2816 subito

210 2842 311 2871 animi
332 2842 453 2871 affectu
476 2839 593 2880 (Ὰάτῃ)
616 2841 775 2878 abreptus
788 2840 950 2878 peccavit,
966 2847 1043 2868 mox

210 2893 306 2923 tardo
327 2902 443 2931 gressu
464 2894 619 2930 tristique
640 2893 749 2922 fronsse
761 2893 936 2930 oculisque
950 2900 1042 2920 aver-

210 2946 256 2975 sis
284 2954 359 2974 eum
385 2954 486 2982 quem
510 2945 633 2974 iniuria
654 2945 766 2974 affecit
789 2944 932 2983 supplex
956 2943 1041 2982 adit;

212 3006 312 3036 quem
345 2997 372 3026 si
405 2998 489 3026 alter
521 2999 662 3026 comitor
696 2997 829 3035 accipit,
864 2996 949 3025 bene
981 2997 1042 3030 est,

211 3049 375 3088 supplicis
410 3058 487 3078 vero
526 3058 645 3088 proces
684 3050 899 3086 aspernatum
935 3047 1041 3077 numi-

1109 2116 1150 2136 na
1185 2107 1404 2136 ulciscuntur.
1429 2124 1473 2130 —
1495 2109 1544 2138 De
1576 2110 1638 2139 Ate
1672 2110 1715 2140 cf.
1751 2112 1780 2138 Τ
1799 2110 1838 2139 91
1871 2117 1944 2147 sqq.

1153 2157 1217 2189 503
1241 2159 1346 2197 ῥυσαί]
1359 2161 1385 2195 †.
1416 2157 1428 2199 Η
1453 2161 1670 2201 παραβλῶπες]
1684 2163 1711 2197 †.
1736 2161 1845 2200 Stirps
1867 2164 1945 2201 βλεπ

1108 2212 1240 2241 nonnisi
1275 2212 1309 2240 in
1342 2220 1423 2241 voce
1450 2213 1603 2254 βλέφαρον
1638 2214 1729 2252 apud
1760 2214 1944 2244 Homerum

1109 2263 1205 2292 redit.
1236 2261 1248 2303 Η
1278 2264 1446 2303 ὀφθαλμὼ]
1472 2270 1549 2301 -μῶν
1568 2274 1648 2295 mss.
1670 2266 1844 2304 complura
1864 2266 1945 2296 vitio

1109 2315 1306 2351 manifestvm
1337 2315 1403 2345 vid.
1436 2316 1478 2345 ad
1510 2320 1538 2346 E
1565 2318 1627 2347 659
1658 2321 1683 2348 θ
1715 2319 1767 2348 64.
1791 2334 1835 2340 -
1857 2317 1946 2348 Non-

1109 2367 1174 2396 nisi
1192 2367 1225 2396 h.
1245 2367 1266 2396 1.
1287 2368 1321 2396 et
1341 2371 1373 2396 N
1389 2369 1452 2398 474
1473 2369 1597 2407 legitur
1617 2371 1772 2409 ὀφθαλμώ
1790 2378 1852 2408 pro
1865 2369 1947 2400 ὄσσε.

1154 2418 1219 2449 504
1242 2420 1364 2458 Ἀόττης]
1384 2420 1477 2458 ’Ἀτης
1498 2430 1579 2451 mss.

1153 2470 1216 2501 505
1241 2471 1347 2510 Ὰάτη]
1365 2471 1443 2510 ”Am
1470 2481 1549 2503 mss.
1580 2471 1592 2514 ΙΙ
1624 2473 1777 2514 σθεναρή]
1791 2475 1819 2509 †.
1850 2470 1863 2513 Η
1892 2474 1946 2515 ἀρ-

1110 2524 1208 2561 τίπος]
1233 2524 1265 2553 h.
1290 2525 1309 2553 l.
1335 2527 1404 2554 et3
1429 2526 1503 2555 310.

1154 2576 1217 2607 506
1241 2574 1368 2618 φθάνει]
1393 2578 1523 2617 φθανέει
1546 2579 1641 2615 Zen.;
1667 2579 1710 2608 cf.
1736 2581 1771 2608 Φ
1795 2579 1868 2608 262.
2008 2611 2009 2616 ,

1153 2630 1216 2660 509
1239 2630 1427 2669 εὐξα,ιιένοιο]
1453 2632 1630 2670 εὐχομένοιο
1654 2632 1708 2661 Ar.
1734 2630 1790 2671 (an
1814 2631 1835 2661 l.
1851 2640 1881 2662 a.
1905 2631 1946 2661 ab

1110 2684 1163 2712 Ar.
1189 2682 1484 2723 commemoratam
1508 2684 1595 2719 HL;
1621 2685 1654 2713 at
1677 2684 1718 2713 cf.
1738 2684 1861 2720 Asel,
1881 2683 1946 2713 453
2008 2676 2009 2730 ἢ

1115 2739 1143 2763 η
1167 2736 1240 2770 236,
1266 2736 1326 2764 531
1354 2734 1401 2774 (τ
1420 2734 1497 2775 257)
1521 2747 1544 2775 φ
1569 2736 1642 2765 211.

1154 2786 1219 2816 512
1243 2784 1367 2828 Ηάτην]
1379 2787 1478 2826 ’Ἀτην
1491 2796 1571 2817 mss.
1590 2786 1602 2828 ΙΙ
1620 2787 1767 2827 ἀποτίσῃ]
1782 2788 1802 2816 l.
1817 2796 1846 2817 a.
1860 2790 1948 2826 -τίνῃ,

1153 2835 1231 2879 514]
1265 2848 1330 2868 non
1364 2840 1488 2869 Preces
1523 2839 1649 2869 debent.
1678 2841 1947 2877 ἐπιγνάμπτεσθαι

1109 2891 1168 2919 sed
1194 2891 1358 2927 Achille33
1390 2891 1563 2928 ingeniose
1596 2891 1709 2921 Christ
1739 2892 1775 2921 αἵ
1800 2891 1825 2920 τ’
1851 2890 1948 2921 ἄλλων
2006 2896 2007 2902 ’

1109 2952 1164 2982 περ
1196 2946 1394 2980 ἐπίγναμψαν
1426 2945 1496 2972 νόον
1527 2946 1654 2973 ἐσθλῶν.
1688 2941 1700 2984 ΙΙ
1730 2941 1814 2983 νόον]
1837 2943 1949 2984 φρένα,-

1108 2996 1181 3024 Par.
1209 2996 1304 3033 2766,
1330 2996 1426 3034 2767,
1450 2996 1544 3025 Eust.

1153 3045 1217 3076 516
1241 3047 1422 3087 ἐπιζαφέλως
1452 3046 1598 3085 Bekker]
1631 3050 1700 3082 -λῶς
1734 3046 1945 3078 Herodianus
2004 3078 2005 3099 ἱ
