2077 3358
71 223 274 267 Πατρόκλεια]

763 237 818 241 ——
852 216 895 251 H
925 218 1026 258 (xvi)
1063 237 1114 240 —

1727 216 1810 254 433

111 367 173 397 220
210 355 385 408 πρόσθεν
418 353 697 405 Μυρμιδόνων
729 351 1000 403 πολεμιζέμεν’.

982 428 991 441 '
1029 429 1035 440 '
1108 435 1125 449 κ
1247 430 1254 443 l

945 445 1067 480 αυταρ
1100 433 1286 480 Αχιλλευς

205 504 272 557 ’βῆ
305 502 339 557 ῥ’
376 502 468 555 ἴμεν’
504 504 557 550 εἰς
588 504 754 554 κλισίην,
784 507 904 554 χηλοῦ
938 501 973 542 δ’
1011 503 1088 543 ἀπὸ
1120 503 1216 555 πῶμ’
1254 504 1405 557 ἀνέοιγε

208 584 328 631 καλῆς
361 579 581 630 δαιδαλέης,
612 580 682 630 τήν
711 581 780 618 fot
815 578 924 626 Θέτις
954 578 1198 631 ἀργυρόπεζα

204 652 309 706 ’θῆκ’
346 654 406 693 ἐπὶ
442 655 535 706 νηὸς
569 653 736 707 ἄγεσθαι
769 654 811 693 ἐὺ
844 654 1025 704 πλήσασα
1056 656 1227 705 χιτώνων

210 730 403 782 χλαινάων
435 727 460 768 τ’
496 728 795 781 ἀνεμοσκεπέων
826 730 988 768 Ᾰ-ὀύλων
1019 744 1058 768 τε
1088 730 1280 780 ταπήτων.

109 814 169 845 225
209 805 309 844 ἔνθα
342 803 383 843 δέ
413 806 482 843 fot
515 803 636 852 δέπας
668 800 762 856 ἦσκε
793 803 1038 856 τετυγμένον,
1070 803 1162 843 οὐδέ
1194 821 1249 851 τις
1281 804 1394 852 ἄλλος

209 877 284 919 οὔτ’
320 878 477 931 ἀνδρῶν
504 877 703 919 ’πίνεσκεν
735 877 795 918 ἀπ’
832 876 965 918 asmo?
1003 879 1156 917 αἴθοπα
1186 881 1340 931 folum),

209 954 297 994 οὔτε
327 969 397 1010 τεῳ
421 951 649 994 ’σπένδεσκε
681 959 804 1005 θεῶν,
835 954 891 993 ὅτι
923 954 975 1005 μὴ
1008 953 1074 993 Διὶ
1105 955 1231 1006 πατρί.

208 1030 248 1069 τό
281 1030 329 1082 ῥα
360 1026 430 1068 τότ’
465 1029 506 1068 ἐκ
539 1034 671 1081 χηλοῖο
703 1029 836 1082 λαβὼν
869 1029 1040 1081 ἐκάθηρε
1078 1030 1194 1085 θεείῳ

208 1112 376 1157 πρῶτον,
407 1106 536 1146 ἔπειτα
571 1103 605 1144 δ’
644 1103 744 1155 ἔνιψ’
782 1106 923 1152 ὕδατος
953 1109 1092 1160 καλῇσι
1128 1105 1254 1159 ῥοῇσι,

108 1190 169 1221 2:30
204 1179 212 1193 ’

239 1255 258 1270 >l
317 1253 326 1268 9
366 1256 384 1270 9!
561 1256 570 1269 l
712 1256 720 1269 x
783 1255 803 1269 er
870 1263 885 1269 ..
921 1253 930 1268 7
982 1260 998 1267 ιι,
1099 1253 1107 1267 x
1202 1259 1218 1266 .-

207 1272 320 1308 ηυχετ
362 1272 491 1296 επειτα
524 1269 626 1312 μεσῳ
659 1269 749 1303 στας
782 1271 895 1308 ερκει,
936 1257 1038 1307 λειβε
1071 1256 1113 1294 δε
1143 1257 1286 1294 Ὲοινον

207 1331 379 1384 οὐρανὸν
397 1332 604 1372 εἰσανιδὼν
620 1356 678 1360 —
695 1333 772 1370 Δία
790 1329 824 1371 δ’
848 1332 895 1371 οὐ
908 1329 1023 1370 ’λάθε
1039 1330 1343 1382 τερπικέραυνον
1359 1343 1427 1359 -·

222 1181 361 1231 νίψατο
399 1179 433 1221 δ’
466 1182 583 1229 αὐτὸς
611 1186 752 1233 χεῖρας,
779 1180 983 1231 ἀφύσσατο
1012 1178 1047 1219 δ’
1080 1181 1233 1219 αἴθοπα
1249 1182 1401 1219 Ῐοῖνον.

1492 1268 1552 1297 231
1565 1270 1683 1305 sq.²²=
1697 1267 1727 1295 Ω
1753 1268 1814 1296 306

1767 1319 1816 1349 sq.

267 1437 290 1458 „
302 1411 379 1447 Ζεῦ
410 1409 534 1459 fdvcc,
566 1409 794 1458 Δωδωναῖε,
824 1405 1054 1459 Πελασγικὲ,
1084 1407 1225 1457 τηλόθι
1258 1407 1393 1456 ναίων,

208 1483 406 1534 Δωδώνης
439 1482 587 1534 μεδέων
620 1481 887 1534 δυσχειμέρου,
917 1506 973 1510 —
1005 1481 1106 1532 ἀμφὶ
1139 1480 1181 1520 δὲ
1211 1481 1351 1520 Σελλοὶ

102 1566 161 1597 235
209 1557 269 1597 σοὶ
300 1556 457 1597 ’ναίουσ’
492 1558 697 1609 ὑποφῆται
729 1557 988 1604 ἀνιπτόποδες
1020 1563 1267 1608 χαμαιεῦναι,
1297 1580 1354 1584 -

106 1679 169 1710 220
191 1682 411 1720 πολεμιζέμενἼ
437 1684 509 1717 -ζειν
534 1683 648 1712 Ambr.
674 1683 696 1711 Z
720 1682 810 1711 Vrat.

106 1732 166 1763 221
191 1734 321 1773 ἀνέοιγε]
353 1735 463 1775 ἀνέῳγε
494 1743 591 1770 mSS.;
625 1735 685 1764 sed
715 1734 817 1764 etiam
854 1733 902 1762 di-

66 1786 256 1824 phthongus
269 1799 325 1816 -οι-
338 1788 469 1817 novicia
482 1789 551 1817 est:
566 1785 704 1821 *ἀνόιξεῗ
719 1786 785 1816 vid.
799 1786 817 1824 ξ
830 1786 902 1815 241.

108 1837 294 1877 223'31‘12']
329 1840 396 1869 δῶκ’
434 1840 561 1870 Nauck.
596 1838 608 1879 ΙΙ
639 1839 789 1877 ἄγεσθαι]
828 1839 903 1867 ἰόντι

67 1891 142 1920 Zen.
165 1892 334 1930 Aristoph.
791 1926 794 1929 Δ

108 1942 172 1973 224
193 1941 436 1986 ἀνεμοσκεπέων]
451 1947 479 1981 ΐ,
501 1945 543 1974 Cf.
567 1945 682 1978 σκέπας
707 1957 718 1973 ε
743 1944 806 1973 443
830 1945 904 1981 etc„

68 1998 187 2025 σκεπὰω
212 2008 227 2025 ν
249 1998 302 2031 99,
325 1998 358 2026 et
380 1997 447 2027 vid.
473 1996 488 2031 Ξ
513 1998 587 2027 529.

109 2047 171 2078 225
197 2045 282 2087 ἧσκε]
307 2050 374 2079 ἔσκε
397 2059 477 2079 mss.
509 2047 521 2090 Η
548 2049 633 2087 οὐδέ]
657 2049 724 2078 οὔτε
741 2048 854 2078 Ambr.
870 2048 904 2077 C.

110 2100 173 2130 226
195 2102 294 2131 abzoz‘
321 2103 336 2139 ἓ
363 2102 420 2140 59]
445 2104 540 2131 αὐτοῦ
567 2110 646 2131 mss.

110 2151 172 2183 227
195 2153 292 2191 θεῶν]
325 2157 390 2194 θεῷ
421 2155 459 2184 D.
498 2151 510 2194 Η
549 2155 593 2183 ὅτι
624 2153 666 2191 μὴ
696 2150 766 2194 Ar.]
793 2154 841 2182 ὅτε
865 2152 907 2190 μὴ

69 2214 145 2235 mss„
167 2206 327 2236 nonnulla
335 2215 343 2244 ;
369 2206 493 2244 quibus
516 2206 693 2244 particulis
716 2207 816 2244 poeta
840 2214 906 2234 non

69 2258 172 2287 utitur
191 2258 351 2297 elliptice‚
370 2259 431 2288 sed
456 2260 649 2288 constanter
673 2258 787 2287 addito
810 2259 905 2295 opta-

70 2309 146 2346 tivo,
177 2314 209 2340 N
229 2312 292 2340 319
323 2312 359 2342 Ξ
379 2312 441 2341 248
473 2320 497 2340 n
522 2311 585 2341 197
612 2319 638 2349 ψ
665 2311 738 2340 185.
764 2310 907 2340 Locutio

71 2363 114 2392 ὅτι
137 2365 178 2400 μή
201 2363 291 2401 apud
314 2365 450 2402 poetam
474 2372 542 2393 non
566 2363 664 2393 redit.

112 2413 176 2444 228
200 2415 248 2453 τό]
262 2414 312 2445 sic
335 2417 403 2455 Ar.‚
425 2418 478 2445 τόν
501 2425 584 2445 mss.
609 2425 728 2454 pauca.
759 2413 771 2455 ΙΙ
801 2411 908 2455 θεείῳ]

70 2466 176 2507 sufflat·
209 2468 249 2497 ad
284 2468 497 2498 lustrandum
535 2468 635 2497 etiam
668 2480 691 2506 χ
719 2469 781 2497 481
814 2475 842 2505 ψ
867 2468 908 2496 50

73 2518 258 2550 adhibetur.

114 2570 177 2601 229
200 2573 230 2601 δ’
257 2573 354 2611 ἔνιψ’]
380 2573 412 2602 δὲ
436 2574 490 2607 νίζ’
515 2573 586 2610 Syr.

115 2623 178 2653 230
207 2622 382 2666 ἀφύσσατο]
414 2627 571 2665 ἂῳὺσσετο
601 2625 691 2654 Vrat.
720 2625 769 2654 De
795 2624 910 2654 aoristi

74 2675 177 2706 forma
201 2678 243 2708 cf.
267 2679 284 2716 ς
310 2679 374 2708 224
398 2679 432 2707 et
455 2677 521 2706 vid.
549 2689 565 2715 η
591 2678 654 2706 286
678 2689 688 2706 ι
714 2676 787 2706 165.

114 2727 175 2758 281
211 2730 313 2760 ’ἔπειτα
354 2730 437 2770 μέσῳ
473 2730 547 2764 στὰς
586 2728 781 2767 Turnebus]
817 2729 907 2758 ἔπειτ’

73 2780 183 2815 ἀνστὰς
203 2782 285 2822 μέσῳ
309 2783 380 2820 Syr.
404 2779 500 2823 (item
526 2778 696 2819 Bentley),
719 2782 822 2810 ἔπειτα
839 2782 912 2815 στὰς

73 2832 152 2872 μέσῳ
172 2842 250 2863 mss.
266 2836 343 2864 cett.
357 2836 465 2864 metro
481 2835 625 2872 ingrato.
646 2832 658 2873 ΙΙ
675 2833 911 2874 μέσῳ...ἕρκεϊ]

74 2885 161 2915 Iovis
183 2888 297 2927 ἑρκείου
317 2896 384 2922 ara,
405 2887 439 2916 in
459 2886 571 2916 media
593 2886 670 2915 aula
691 2886 812 2923 posita,
825 2894 912 2922 quae

75 2937 175 2967 etiam
206 2939 238 2968 ,Ω
263 2940 325 2968 306
356 2940 408 2968 est
437 2938 679 2976 intellegenda,
714 2937 913 2967 nominatim

75 2989 239 3020 indicatur
270 3003 292 3029 χ
328 2991 403 3027 335,
439 2991 514 3025 379,
549 2990 686 3019 aliunde
718 2991 833 3019 autem
862 2990 913 3018 est

75 3043 248 3072 notissima
268 3040 324 3084 (cf.
349 3043 450 3081 Soph.
471 3043 584 3080 Antig.
608 3043 704 3080 1301,
724 3042 810 3071 Plat.
830 3042 913 3079 Rep.

78 3095 139 3124 328
151 3104 177 3131 c,
199 3095 343 3125 Pausan.
366 3096 401 3124 ΙΙ
425 3096 465 3124 24
490 3093 507 3134 ξ
534 3095 552 3124 5
576 3094 658 3124 VIII
682 3095 723 3124 46
748 3094 765 3131 ξ
792 3094 809 3123 2
824 3091 915 3133 etc.)‚

970 1688 1031 1709 nec
1056 1688 1122 1708 non
1146 1681 1281 1717 reperta
1306 1681 1357 1708 est
1387 1680 1421 1709 in
1450 1680 1629 1709 ruderibus
1655 1680 1817 1717 antiquis-

970 1733 1132 1760 simarum
1152 1732 1323 1769 regiarum
1345 1741 1434 1769 quae
1453 1732 1616 1769 Tirynthe
1633 1735 1667 1761 et
1679 1732 1819 1762 Athenis

971 1786 1049 1813 sunt
1073 1785 1224 1813 effossae.

1015 1835 1081 1865 232
1111 1836 1284 1874 εἰσανιδών]
1318 1845 1428 1875 comp.
1460 1838 1593 1866 nonnisi
1623 1838 1654 1866 Ω
1680 1838 1742 1866 307
1766 1846 1818 1866 re-

972 1889 1032 1924 dit,
1056 1889 1250 1926 neglectum
1283 1891 1395 1918 autem
1433 1896 1484 1919 est
1507 1886 1545 1919 f.
1574 1890 1715 1927 Bentley
1742 1891 1827 1920 εἰσο-.

973 1944 1050 1983 ρόων
1071 1939 1161 1983 (-άων
1188 1940 1203 1980 ἓ
1231 1940 1307 1982 191)
1330 1943 1387 1971 vix
1414 1942 1646 1980 probabiliter.
1676 1940 1688 1982 Η
1720 1952 1820 1982 τερπι-

973 1994 1136 2034 κέραυνον]
1163 1994 1205 2023 Cf.
1232 1994 1250 2032 ξ
1276 1995 1350 2023 251.

1016 2045 1082 2075 233
1105 2043 1282 2087 Δωδωναῖε]
1316 2047 1432 2085 Steph.
1465 2047 1544 2084 Byz.
1577 2056 1603 2075 S.
1627 2056 1658 2076 V.
1687 2047 1820 2084 Δωδώνη

974 2100 1008 2128 et
1031 2099 1136 2128 schol.
1161 2098 1188 2127 V
1219 2099 1372 2128 referunt
1409 2099 1618 2129 Zenodotum
1644 2099 1820 2137 scripsisse

975 2153 1147 2189 Φηγωιάἴε,
1174 2151 1257 2180 alios
1281 2151 1443 2182 Βωδωναῖε
1465 2149 1497 2192 (a
1520 2152 1715 2181 Thessaliae
1735 2151 1820 2180 urbe

972 2202 1103 2232 Bodone
1126 2203 1347 2242 derivantes);
1374 2207 1551 2242 praeterea
1564 2205 1598 2234 in
1611 2204 1715 2233 schol.
1731 2213 1819 2232 com-

973 2257 1181 2285 memoratur
1204 2256 1304 2285 lectio
1328 2256 1457 2285 insulsa
1482 2257 1695 2286 ἂναδωδωναῖε
1723 2257 1820 2297 (παρὰ

975 2308 1027 2346 τὴν
1051 2309 1197 2337 ἀνάδοσιν
1228 2314 1286 2336 τῶν
1313 2309 1484 2347 ἂγαθῶνῖ),
1507 2318 1652 2347 quacum
1677 2309 1718 2337 cf.
1745 2308 1766 2337 l.
1792 2317 1821 2337 a.

975 2361 1151 2390 ἐνδονέοντα
1176 2364 1208 2389 Ν
1229 2361 1303 2389 363.
1333 2358 1346 2400 ΙΙ
1378 2358 1566 2402 Πελασγικὲ]
1592 2361 1613 2390 1.
1639 2370 1666 2390 a.
1690 2361 1820 2401 -apytxfs,

975 2414 1102 2442 ·αστικὲ.
1120 2429 1158 2433 -
1170 2413 1391 2442 Dodonamne
1406 2414 1442 2442 in
1457 2414 1594 2451 regione
1617 2422 1703 2450 quae
1728 2415 1820 2450 post-

977 2475 1015 2495 ea
1040 2465 1215 2495 Thessalia
1241 2465 1330 2494 dicta
1357 2467 1408 2495 est
1439 2468 1540 2503 poeta
1574 2465 1772 2494 collocavit?
1802 2463 1815 2505 ΙΙ

976 2514 1100 2558 τηλόθι]
1125 2517 1229 2558 αἶθέρι
1254 2517 1380 2556 Nauck,
1407 2518 1463 2547 vix
1490 2527 1530 2547 ex
1553 2520 1666 2547 mente
1689 2519 1820 2555 poetae.

1020 2568 1086 2599 234
1109 2566 1272 2610 Δωδώνης]
1298 2570 1340 2599 cf.
1361 2569 1376 2603 ξ
1401 2571 1474 2600 327.
1499 2569 1510 2610 ΙΙ
1536 2569 1756 2610 δυσχειμέρου]
1778 2570 1820 2599 cf.
1842 2594 1846 2598 .

979 2625 1006 2651 Β
1032 2623 1111 2655 75ος
1146 2622 1355 2656 πολυπίδακος
1388 2623 1465 2652 Zen.
1503 2620 1514 2662 ΙΙ
1552 2622 1669 2660 Σελλοὶ]
1694 2622 1714 2651 l.
1738 2631 1766 2651 a.
1792 2622 1818 2651 o’

973 2674 1082 2707 Ἓλλοὶ,
1103 2682 1204 2711 quam
1217 2674 1384 2703 Pindarus
1408 2676 1544 2704 secutus
1559 2676 1610 2704 est
1623 2675 1702 2711 (sec.
1717 2674 1822 2704 schol.

978 2728 1012 2756 et
1046 2726 1156 2755 Strab.
1190 2726 1253 2755 VII
1284 2735 1317 2764 p.
1356 2727 1444 2765 328),
1475 2727 1517 2756 ab
1548 2727 1603 2756 Ar.
1634 2726 1822 2765 repudiata.

978 2780 1079 2808 Σελλοὶ
1100 2778 1224 2816 legitur
1243 2779 1332 2816 apud
1355 2779 1561 2817 Sophoclem
1585 2769 1705 2809 Trach.
1727 2780 1823 2809 1167.

980 2831 1029 2861 Of.
1043 2831 1061 2868 ἓ
1076 2831 1116 2860 45
1139 2833 1172 2860 et
1194 2831 1340 2860 fluminis
1356 2839 1479 2860 nomen
1492 2834 1626 2869 Σελλήειε
1639 2835 1667 2861 Β
1682 2833 1744 2861 659
1758 2833 1822 2861 etc.

1023 2882 1087 2913 235
1114 2885 1264 2922 ὑποφῆται
1297 2881 1517 2925 ἀνιπτόποδες]
1549 2887 1732 2922 utrumque
1746 2886 1771 2919 ’ξπ
1804 2882 1816 2924 Η

978 2932 1176 2976 χαμαιεῦναι]
1202 2936 1244 2965 cf.
1265 2935 1356 2973 §173
1381 2936 1558 2966 imitantur
1579 2937 1681 2975 Soph.
1702 2936 1821 2966 Trach.

982 2989 1065 3017 1166
1103 2988 1184 3017 Call.
1220 2988 1253 3017 h.
1288 2988 1362 3018 Del.
1396 2989 1471 3018 286.
1501 2990 1571 3019 Non
1599 2989 1736 3027 squalor
1767 2989 1822 3026 (cf.

980 3052 997 3069 κ
1023 3041 1084 3069 243
1110 3039 1126 3073 ξ
1156 3041 1209 3077 15)
1241 3041 1410 3070 indicatur
1438 3041 1498 3071 sed
1521 3042 1610 3071 vitae
1635 3042 1823 3075 austeritas

980 3101 1042 3122 neo
1066 3093 1165 3122 aliter
1188 3094 1321 3131 aecepit
1344 3094 1461 3132 Eurip.
1487 3094 1529 3123 fr.
1554 3095 1628 3124 368.
