2055 3358
996 185 1102 211 XXIV

177 300 229 338 Et
271 311 531 348 quamquam
573 302 719 337 textus
762 297 988 336 Homerici·
1022 296 1137 343 origo
1171 296 1313 334 densis
1345 294 1512 332 nebulis
1544 295 1610 331 est
1640 293 1847 340 involuta,
1880 291 1922 330 id

177 379 322 415 tamen
350 377 457 414 satis
487 377 650 413 certum
679 373 858 418 videtur,
887 374 1078 419 tempore
1106 371 1296 409 Platonis
1314 370 1364 407 ab
1383 369 1598 407 hodiernis
1615 367 1920 415 manuscriptis

175 462 259 490 non
292 452 522 490 admodum
552 450 685 487 fuisse
718 448 949 485 diversum.

237 526 351 574 Quae
384 536 481 564 cum
514 525 574 562 ita
605 523 704 569 sint,
737 521 895 559 criticis
927 520 1140 558 hodiernis
1173 520 1280 557 duae
1313 520 1460 565 patent
1500 518 1605 554 viae.
1644 517 1731 554 Aut
1756 517 1918 562 acquie-

177 602 380 640 scendum
429 601 495 637 est
537 599 578 636 in
625 598 749 635 textu
791 596 960 643 tradito,
994 595 1030 632 si
1063 595 1158 641 quis
1190 595 1336 631 autem
1369 592 1452 630 otio
1486 591 1623 629 affluit
1655 592 1697 629 et
1728 591 1919 629 taedium

176 677 377 714 devorare
403 684 486 711 non
513 673 694 719 recusat,
719 670 918 708 adhibitis
936 669 1133 707 omnibus
1151 678 1258 715 quae
1277 668 1506 714 supersunt
1524 666 1827 714 manuscriptis
1844 666 1920 704 aut

175 752 294 798 parte
337 758 484 787 eorum
515 747 674 785 selecta
704 746 875 782 textum
912 744 1035 782 illum
1069 753 1198 790 quam
1238 742 1560 780 accuratissime
1593 741 1735 788 potest
1767 741 1917 779 consti-

175 828 307 863 tuere.
357 824 424 861 Sic
470 824 616 859 tamen
657 820 794 858 multa
836 819 996 866 agendo
1038 819 1142 856 nihil
1185 818 1298 855 aliud
1343 816 1498 855 efficiet
1530 826 1658 862 quam
1692 818 1740 854 ut
1771 818 1919 854 textus

176 900 329 938 evadat
374 898 474 936 talis
516 896 602 934 sere
649 895 819 942 qualem
868 894 1127 931 vilissimum
1175 893 1368 939 quodque
1414 891 1561 929 Iliadis
1603 891 1671 929 vel
1704 891 1920 938 Odysseae

175 974 347 1013 exhibet
393 971 624 1019 exemplar,
671 969 818 1017 paucis
862 970 1032 1006 tantum
1075 968 1179 1005 locis
1221 969 1264 1005 et
1305 964 1538 1015 ἀδιαφόροις
1569 966 1845 1014 potissimum
1877 966 1921 1003 in

175 1050 301 1088 rebus
342 1049 438 1086 inde
467 1047 724 1093 discrepans.
758 1045 846 1096 Aut
878 1044 1012 1082 editor
1042 1043 1269 1081 hodiernus
1301 1041 1528 1079 emendare
1561 1041 1782 1079 conabitur
1811 1050 1920 1087 quae

176 1124 431 1171 accepimus,
473 1122 609 1159 fretus
654 1130 738 1157 non
780 1119 1002 1157 fallacibus
1046 1119 1088 1156 et
1130 1118 1240 1155 inter
1277 1127 1322 1155 se
1355 1117 1694 1164 discrepantibus
1727 1116 1918 1154 codicum

174 1206 515 1246 papyrorumque
557 1195 817 1233 testimoniis
851 1193 925 1231 sed
957 1193 1153 1231 dictionis
1186 1192 1327 1239 epicae
1360 1192 1570 1238 metrique
1603 1192 1779 1238 legibus,
1811 1200 1919 1237 quae

175 1273 410 1311 multorum
459 1270 653 1308 acumine
695 1269 992 1314 indefessoque
1039 1268 1180 1305 studio
1223 1266 1386 1304 sensim
1432 1268 1534 1304 sunt
1575 1267 1813 1313 indagatae.
1852 1265 1921 1303 Sic

175 1358 275 1386 vero
306 1347 421 1385 latus
452 1346 570 1393 patet
602 1353 779 1391 campus
811 1343 1075 1389 singulorum
1119 1342 1397 1389 opinionibus,
1440 1351 1576 1387 neque
1608 1351 1795 1387 unquam
1829 1339 1920 1378 fieri

174 1422 329 1471 poterit
375 1422 423 1458 ut
465 1420 514 1458 de
562 1419 773 1466 omnibus,
817 1428 925 1464 quae
966 1417 1047 1455 huc
1089 1417 1132 1454 in
1164 1427 1340 1455 censum
1374 1417 1564 1463 veniunt,
1597 1415 1919 1462 quaestionibus

174 1506 324 1535 omnes
370 1496 484 1533 idem
527 1494 727 1532 sentiant.
771 1493 832 1531 Ne
874 1493 915 1530 id
957 1492 1126 1538 quidem
1164 1494 1382 1539 praestare
1414 1493 1555 1538 potest
1587 1491 1760 1529 criticus
1791 1500 1918 1537 quan-

173 1571 338 1610 tumvis
385 1580 409 1608 a
455 1569 699 1607 temeritate
747 1569 791 1606 et
836 1567 1008 1605 libidine
1051 1567 1295 1614 abhorrenS,
1340 1567 1387 1603 ut
1429 1576 1599 1613 semper
1641 1566 1720 1603 sibi
1753 1566 1920 1604 constet

170 1639 282 1695 ipse3
327 1655 428 1684 nam
460 1645 503 1682 in
537 1643 705 1682 diversa
736 1643 968 1680 identidem
1003 1641 1216 1679 trahimur
1249 1641 1446 1687 dubiique
1480 1641 1644 1688 passim
1676 1641 1918 1688 haeremus,

171 1722 269 1769 quid
315 1729 595 1771 nonsanum
638 1718 695 1756 sit
735 1717 1054 1765 perspicientes,
1097 1716 1280 1753 fortasse
1313 1715 1444 1753 etiam
1477 1717 1830 1762 cur.corruptum
1861 1715 1920 1752 sit

170 1796 482 1842 intellegentes,
516 1793 589 1831 sed
622 1793 786 1831 certum
819 1791 1058 1830 remedium
1090 1800 1173 1829 non
1205 1792 1414 1829 tenentes

230 1870 400 1917 Aliquid
445 1871 592 1907 tamen
638 1869 716 1905 hac
759 1867 828 1904 via
869 1866 1023 1913 attingi
1062 1867 1216 1913 potest,
1250 1867 1292 1903 et
1328 1865 1393 1903 vel
1425 1864 1613 1902 multum
1647 1866 1919 1912 assequimur

171 1957 267 1985 cum
317 1944 598 1984 discernimus
637 1943 736 1989 quid
784 1942 938 1979 vitium
981 1942 1135 1989 crepet,
1181 1941 1280 1987 quid
1319 1940 1534 1978 sincerum
1569 1941 1646 1987 sit;
1681 1941 1781 1987 quid
1813 1941 1918 1979 anti-

172 2031 301 2069 quam
332 2021 524 2067 linguam
556 2019 715 2066 deceat,
749 2017 848 2064 quid
881 2018 1069 2054 aetatem
1113 2015 1261 2063 prodat
1297 2015 1592 2053 recentiorem.
1626 2015 1739 2053 Nihil
1771 2017 1917 2054 autem

171 2097 319 2134 utilius
366 2096 432 2133 est
474 2095 525 2132 ad
567 2103 742 2132 sensum
777 2091 940 2139 pulchri
974 2091 1227 2138 acuendum,
1262 2089 1366 2128 nihil
1400 2091 1540 2137 magis
1571 2090 1833 2129 conducibile
1865 2091 1936 2129 ad.

172 2172 383 2209 iuniorum
426 2168 678 2217 praesertim
725 2166 964 2214 effingenda
1006 2165 1176 2212 ingenia
1216 2165 1551 2211 facultatemque
1595 2166 1788 2204 criticam
1824 2175 1915 2204 con-

173 2246 440 2292 firmandam,
499 2253 628 2290 quam
674 2242 759 2280 tale
807 2241 998 2279 studium
1040 2241 1280 2279 carminum
1323 2240 1662 2289 Homericorum,
1711 2251 1793 2288 quo
1835 2241 1916 2279 sin-

172 2321 271 2368 gula
329 2320 458 2358 verba
514 2317 764 2365 singulaque
824 2317 1049 2355 enunciata
1103 2316 1248 2354 sedulo
1300 2316 1567 2363 pensitentur
1613 2318 1656 2354 et
1702 2317 1754 2354 ad
1800 2316 1918 2364 leges

173 2396 398 2442 exigantur
416 2403 523 2441 quae
541 2403 623 2431 non
654 2402 727 2440 pro
755 2391 1002 2430 recentioris
1030 2391 1266 2438 cuiuspiam
1296 2390 1496 2438 philologi
1528 2391 1700 2429 arbitrio
1733 2366 1917 2439 scriptae

174 2471 274 2507 sunt
306 2469 378 2508 sed
411 2468 644 2506 multorum
679 2467 898 2514 diligentia
931 2477 982 2504 ex
1016 2467 1120 2513 ipsis
1153 2467 1414 2504 carminibus
1447 2467 1575 2513 epicis
1607 2468 1766 2505 erutae.
