2055 3358
962 196 1009 222 IX

113 312 134 355 ξ
171 312 222 348 13
255 320 348 358 pag.
379 312 432 347 64
461 319 523 355 sq.
557 308 648 346 Non
682 308 804 346 facile
838 310 983 346 autem
1018 309 1176 346 dixeris
1209 319 1282 347 cur
1313 310 1355 347 in
1395 309 1566 349 Graecis
1600 313 1858 351 carminibus

113 386 236 424 docta
281 385 355 423 illa
394 384 597 431 brevitas,
637 393 745 429 quae
788 383 911 420 hodie
948 385 1111 431 regnat,
1144 385 1304 431 gratior
1335 385 1533 423 utiliorve
1566 387 1622 424 sit
1655 397 1781 433 quam
1815 389 1858 426 in

113 461 297 507 Latinis;
342 470 416 498 cur
457 459 711 506 displiceant
741 459 912 496 monstr'
947 459 1138 496 horrend'
1170 460 1338 507 ‘inform’
1377 460 1522 508 inqens
1558 462 1624 500 vel
1656 464 1793 501 sentir‘
1828 467 1858 501 e’

113 537 229 574 (κείατ’
274 535 427 583 eumps'
478 534 549 572 ess’
596 534 718 571 odios’
765 533 893 582 alteri,
936 534 1166 580 probentur
1201 530 1298 572 τοῦτ’
1341 531 1446 572 ἐκεῖν’
1494 534 1598 586 οὑγὼ
1631 533 1759 588 ’λέγον
1792 539 1860 577 vel

113 607 188 647 ἀλλ’
236 609 284 648 ἐῶ
312 607 522 648 ’πολέσθαι
554 604 649 658 τᾶρι’
680 607 721 656 ¹),
757 610 830 646 aut
863 619 936 646 cur
969 609 1154 648 Graecae
1195 620 1371 657 poeseos
1405 612 1668 650 amatoribus
1702 614 1859 652 hodier-

113 686 180 723 nis
227 686 340 724 lectu
388 684 624 723 difficiliora
673 683 760 720 sint
801 688 914 720 τοῦτο
958 681 1080 721 ἐκεῖνο
1123 680 1143 721 ὃ
1185 682 1258 735 ἐγὼ
1301 683 1432 736 ἔλεγον
1465 689 1508 724 et
1539 688 1699 725 similia
1730 699 1860 735 quam

113 761 262 799 Latine
308 760 541 798 scientibus
589 760 690 796 sunt
737 768 889 796 versus
936 758 1165 805 Vergiliani
1209 762 1251 797 et
1299 761 1497 799 Plautini.
1541 763 1590 800 In
1633 763 1860 802 Homerico

113 838 227 874 certe
258 837 383 874 textu
423 835 500 873 tali
546 834 755 872 scribendi
798 834 962 872 ratione
995 835 1191 881 spinosae
1223 846 1429 883 parumve
1462 837 1705 877 fructuosae
1738 850 1859 886 quae-

113 911 353 949 stiunculae
400 909 582 958 praecidi
614 910 791 956 possent
833 909 940 946 satis
983 910 1159 948 multae.
1193 912 1249 948 At
1282 921 1365 949 non
1398 912 1497 958 quid
1528 912 1618 951 fieri
1650 915 1860 953 vellemus

113 987 401 1033 quaerendum
450 985 553 1033 erat,
601 985 675 1022 sed
725 984 825 1030 quid
872 994 977 1021 sana
1018 985 1182 1023 ratione
1225 987 1329 1024 duce
1373 987 1511 1026 facere
1555 999 1780 1036 possemus
1819 992 1861 1028 et

113 1062 387 1108 deberemus;
438 1059 675 1098 cavendum
718 1060 865 1097 autem
909 1069 960 1097 ne
998 1061 1313 1099 deterrerentur
1344 1062 1524 1101 lectores
1556 1064 1740 1103 insolitis
1772 1076 1859 1103 ver-

114 1137 263 1174 borum
297 1136 444 1182 figuris
480 1136 522 1172 in
554 1136 678 1172 textu
710 1135 937 1172 notissimo
969 1135 1127 1183 obviis;
1157 1137 1395 1175 cavendum
1423 1149 1474 1176 ne
1503 1141 1674 1187 stupore
1707 1141 1861 1188 percel-

114 1211 303 1249 lerentur
335 1211 474 1257 magis
506 1219 636 1256 quam
669 1209 720 1247 ad
752 1211 902 1257 poetae
933 1211 1125 1248 studium
1157 1213 1515 1258 pertraherentur.
1544 1215 1688 1261 Neque
1720 1216 1860 1254 editio-

111 1296 212 1324 nem
259 1285 565 1327 adornantibus
613 1284 856 1322 scholarum
906 1287 1158 1332 praesertim
1207 1288 1303 1325 usui
1350 1289 1611 1328 destinatam
1658 1292 1862 1338 quidlibet

115 1371 367 1400 concessum
413 1360 534 1399 nobis
584 1360 858 1398 ducebamus.
907 1361 1167 1409 Quapropter
1214 1363 1467 1401 deteriorem
1515 1375 1680 1403 morem
1726 1368 1862 1405 secuti

115 1447 280 1485 sumus,
313 1436 535 1474 meliorem
567 1437 714 1474 tamen
749 1436 941 1474 videntes
975 1438 1017 1474 et
1048 1437 1289 1484 probantes,

175 1512 224 1549 In
266 1511 449 1549 molesta
480 1511 742 1559 quaestione,
776 1514 983 1558 quaeest
1016 1512 1065 1550 de
1097 1514 1328 1559 augmento
1360 1513 1404 1550 in
1437 1516 1696 1554 carminibus
1733 1518 1862 1565 epicis

115 1586 322 1634 neglecto,
370 1587 419 1625 de
466 1596 549 1633 qua
592 1587 691 1633 quid
723 1587 962 1624 sentiamus
994 1588 1037 1624 in
1068 1587 1298 1626 Enchiridii
1329 1589 1351 1632 ἓ
1388 1590 1468 1627 130
1504 1592 1747 1639 expositum
1780 1595 1858 1641 est,

114 1661 176 1699 ita
207 1670 359 1698 sumus
387 1661 548 1699 versati
574 1663 623 1699 ut
651 1661 889 1708 ubicunque
915 1672 989 1709 per
1017 1663 1205 1700 metrum
1232 1663 1379 1702 liceret
1396 1660 1424 1709 2)
1452 1668 1734 1713 augmentum
1762 1666 1866 1706 scri?

115 1736 327 1774 beremus.
361 1736 505 1774 Tacite
538 1737 684 1774 autem
718 1737 989 1774 restituimus
1020 1740 1302 1784 augmentum
1336 1740 1470 1778 sicubi
1511 1741 1680 1781 litterae
1712 1745 1860 1782 textus

112 1811 270 1858 recepti
311 1811 436 1849 aliter
477 1812 777 1849 tantummodo
821 1812 1070 1850 dividendae
1112 1816 1246 1862 erant,
1289 1816 1337 1852 ut
1379 1816 1421 1853 in
1455 1813 1543 1853 ὄσσε
1574 1817 1764 1867 φάενθεν,
1793 1817 1861 1856 τὸν

113 1883 154 1922 δὲ
196 1881 287 1934 λίπ’,
317 1881 392 1923 ἀλλ’
430 1884 452 1923 ὅ
482 1899 524 1936 γε
556 1883 666 1923 δέκτο
700 1887 823 1934 cett.;
858 1887 895 1924 si
926 1889 1072 1925 tamen
1106 1889 1342 1927 Aristarchi
1374 1890 1499 1929 lectio
1531 1893 1700 1939 cognita
1732 1895 1859 1943 esset,

112 1962 222 2000 hanc
254 1961 322 1999 vel
352 1960 512 1999 talibus
544 1961 648 2000 locis
681 1963 1130 2001 commemoravimus
1164 1964 1309 2002 Tacite
1341 1966 1473 2003 etiam
1506 1967 1646 2005 verbis
1673 1978 1781 2015 quae
1809 1970 1859 2007 ab

113 2052 156 2075 ευ
203 2039 461 2085 diphthongo
514 2037 737 2075 ordiuntur
778 2039 1058 2084 augmentum
1101 2039 1331 2078 tribuimus
1344 2053 1352 2088 ;
1397 2052 1504 2088 quae
1537 2043 1665 2081 verba
1696 2045 1861 2082 cunctis

112 2113 218 2151 locis
259 2112 499 2151 Homericis
542 2113 773 2158 augmento
806 2115 964 2161 carent,
998 2114 1072 2151 sed
1104 2114 1203 2152 olim
1237 2125 1321 2153 non
1354 2117 1542 2155 caruisse
1575 2118 1735 2163 docent,
1757 2120 1859 2158 anti-

114 2188 311 2236 quissimi
344 2187 537 2225 omnium
570 2187 706 2225 testes
737 2188 884 2235 papyri
917 2187 1047 2226 CXIV
1081 2191 1122 2227 et
1165 2190 1393 2241 CXXVIII,
1439 2194 1509 2240 qui
1541 2194 1582 2230 Ω
1617 2197 1699 2234 678
1733 2191 1859 2245 ηὗδον

113 2264 270 2301 habent
314 2273 339 2300 a
379 2272 511 2300 manu
543 2262 695 2311 prima,
729 2256 847 2300 εὗδον
879 2273 904 2301 a
936 2264 1133 2302 secunda.
1176 2266 1325 2313 Itaque
1357 2267 1401 2305 in
1433 2269 1692 2315 praefatione
1725 2271 1860 2310 semel

113 2339 266 2377 horum
308 2338 533 2376 verborum
577 2337 842 2375 mentionem
883 2338 1036 2377 fecisse
1079 2339 1250 2389 sufficit,
1294 2351 1392 2380 cum
1434 2346 1686 2390 praesertim
1719 2346 1859 2384 huius-

115 2413 229 2451 modi
262 2413 488 2451 verborum
522 2414 802 2458 augmentum
837 2422 889 2450 ne
921 2413 965 2450 in
995 2414 1239 2452 Atticorum
1275 2417 1447 2462 quidem
1485 2420 1740 2467 scriptorum
1772 2422 1859 2459 tex·

115 2488 230 2525 tibus
258 2488 372 2525 cerni
403 2487 553 2535 soleat,
586 2487 688 2525 olim
725 2488 872 2525 tamen
905 2488 956 2526 ab
988 2489 1092 2536 ipsis
1124 2490 1454 2531 Atheniensibus
1485 2505 1568 2533 non
1601 2496 1858 2546 neglectum,

114 2563 298 2600 testibus
328 2563 536 2610 lapidibus
569 2558 610 2606 3).

175 2637 382 2675 Litteram
421 2637 450 2673 f
493 2646 576 2683 qua
607 2638 771 2675 ratione
804 2638 1040 2685 quibusque
1072 2642 1338 2687 argumentis
1369 2643 1467 2681 freti
1499 2647 1858 2695 revocaverimus,

115 2713 158 2751 in
185 2713 207 2757 ἓ
234 2714 289 2750 40
318 2714 360 2750 et
387 2713 439 2750 41
470 2712 699 2750 Enchiridii
727 2713 820 2751 fuse
853 2715 1152 2763 exposuimus;
1182 2716 1225 2753 in
1251 2719 1552 2764 pronominum
1569 2722 1859 2767 personalium

117 2790 160 2825 et
186 2787 526 2835 possessivorum
557 2787 705 2825 formis
734 2789 832 2834 quid
861 2790 998 2827 moliti
1027 2791 1164 2829 simus
1193 2794 1366 2839 apparet
1389 2794 1545 2833 ibidem
1564 2795 1586 2839 ἓ
1605 2797 1672 2845 92,
1693 2797 1760 2845 93,
1781 2798 1857 2844 95;

161 2931 183 2969 ¹)
207 2933 262 2962 Ar.
286 2934 427 2969 Lysistr.
453 2942 500 2963 vs.
527 2935 588 2963 240
615 2936 648 2963 et
673 2936 746 2964 734.

159 2984 183 3022 2)
196 2985 356 3023 Exceptis
368 2986 471 3023 igitur
482 2986 566 3015 locis
579 2987 638 3016 ubi
651 2996 790 3017 caesura
806 2989 969 3018 mutanda
982 2989 1035 3018 vel
1049 2990 1221 3027 spondeus
1234 3000 1294 3029 pro
1309 2992 1444 3029 dactylo
1458 2993 1716 3023 substituendus
1729 2994 1858 3023 fuisset.

158 3035 184 3072 3)
207 3037 281 3066 vid.
304 3036 342 3066 K.
367 3038 591 3068 Meister-hans
616 3039 824 3069 Grammatik
848 3040 907 3069 der
931 3043 989 3070 att.
1014 3039 1236 3072 Inschriften²
1258 3053 1291 3081 p.
1319 3045 1380 3074 136
1406 3047 1514 3074 annot.
1544 3047 1638 3075 1194.
