2055 3358
933 173 1008 200 XIV

101 278 260 328 Iliadis,
305 289 454 318 versus
488 281 718 320 538--560
760 292 841 320 non
882 282 1205 320 male.reddidit
1236 282 1520 320 wattenbach
1553 279 1846 320 Schrifttafeln

100 353 186 392 tab.
223 355 258 393 1.
293 354 526 393 Videantur
558 357 777 403 praeterea
818 356 1060 404 Thompson
1091 357 1118 395 l.
1147 357 1174 395 l.
1208 367 1246 404 p.
1278 358 1317 404 6,
1361 355 1562 394 LaRoche
1603 354 1849 394 'I'extkritik

99 438 138 475 p.
173 429 256 466 439
290 438 379 476 sqq.
412 451 463 456 —
493 430 542 467 In
573 430 718 467 tabula
750 431 896 467 nostra
927 430 960 467 B
994 441 1039 468 iv
1070 431 1264 469 dedimus
1297 440 1448 469 versus
1482 430 1523 466 Ω
1556 430 1798 468 759-·767.

163 576 227 614 Ex
259 577 407 616 eodem
439 577 542 625 loco,
577 578 685 616 unde
716 587 902 625 papyrus
935 577 1044 616 CVII
1075 579 1241 627 prodiit,
1275 588 1383 616 anno
1421 578 1530 616 1854
1575 578 1627 616 ab
1655 577 1853 615 Harrisio

105 651 215 689 alius
246 661 431 699 papyrus
463 653 529 690 est
560 653 707 689 erutus
740 653 782 689 et
814 652 856 689 in
897 652 1163 690 Britanniam
1196 653 1376 701 delatus,
1408 653 1480 690 ubi
1512 653 1679 691 delituit
1711 661 1853 699 usque

105 725 158 763 ad
200 726 292 764 eius
338 727 520 764 mortem
569 727 612 763 et
657 725 818 772 aliquot
863 735 997 765 annos
1042 728 1204 775 postea,
1247 727 1322 765 sed
1363 737 1472 765 anno
1518 727 1628 765 1888
1669 737 1723 764 ex
1755 726 1853 764 eius-

106 800 340 838 hereditate
374 802 516 838 emtus
548 801 614 838 est
640 810 665 838 a
693 800 795 838 viris
823 800 966 839 Museo
994 801 1237 840 Britannico
1263 801 1529 849 praepositis,
1561 811 1674 839 nunc
1700 802 1848 839 autem

106 885 284 913 numero
318 874 490 912 CXXVI
523 875 791 922 designatur;
826 875 909 913 vid.
942 875 1122 923 Kenyon
1155 875 1358 914 Classical
1390 877 1508 913 texts
1541 876 1620 913 etc.
1642 897 1693 902 ——
1713 874 1854 913 Malae⁴

107 950 232 987 notae
265 950 343 987 hoc
369 949 723 997 manuscriptum,
758 949 866 995 quod
900 945 978 987 IV0
1009 960 1048 997 p.
1084 950 1125 988 C.
1160 951 1330 988 saeculo
1363 950 1636 988 tribuendum
1670 949 1855 997 videtur,

108 1024 150 1061 in
177 1024 332 1062 codicis
358 1024 540 1062 formam
572 1025 638 1062 est
669 1025 962 1071 compactum;
993 1025 1181 1063 continet
1208 1027 1354 1063 autem
1384 1026 1413 1061 B
1444 1025 1522 1062 101
1546 1046 1598 1051 —
1618 1026 1653 1061 A
1670 1024 1739 1072 40,
1758 1033 1855 1062 con·

109 1099 222 1137 sulto
268 1099 441 1137 omissis
489 1100 520 1136 B
568 1100 798 1137 494—877
835 1099 1037 1143 *tnavium
1086 1100 1358 1145 recensione).
1408 1099 1548 1146 Signis
1593 1099 1860 1146 prosodiacis-

109 1174 238 1212 verba
269 1174 430 1221 passim
464 1175 565 1212 sunt
598 1175 767 1221 ornata;
802 1174 994 1221 singulae
1027 1175 1204 1222 paginae
1237 1176 1385 1213 tenent
1422 1184 1572 1213 versus
1604 1174 1791 1212 48-50.

168 1323 361 1361 Aliorum
408 1333 664 1370 papyrorum
707 1324 886 1361 duorum
930 1324 1065 1362 Musei
1097 1324 1343 1373 Britannici,
1382 1325 1453 1371 qui
1489 1324 1615 1362 tertio
1648 1327 1861 1370 quartove·

110 1408 148 1445 p.
165 1397 205 1436 C.
222 1397 393 1436 saeculo
407 1398 604 1436 videntur
621 1408 716 1436 esse
729 1399 906 1447 exarati,
926 1399 1187 1437 mentionem
1207 1399 1306 1438 fecit
1323 1399 1502 1446 Kenyon
1517 1397 1718 1436 Classical
1735 1399 1854 1436 texts

111 1475 190 1511 etc.
211 1473 279 1510 :in
308 1482 466 1520 papyro
495 1471 701 1521 CXXVII,
732 1474 803 1519 qui
821 1474 875 1511 45
893 1473 936 1511 in
964 1473 1143 1521 singulis
1170 1474 1336 1522 paginis
1362 1474 1491 1512 habet
1518 1483 1681 1522 versuS,
1705 1474 1857 1511 extant

111 1547 266 1594 exigua
309 1547 518 1593 quaedam
565 1547 887 1595 rhapsodiarum
932 1549 981 1596 E,
1024 1550 1069 1596 Z,
1104 1550 1142 1584 Σ
1183 1549 1437 1597 fragmenta,
1480 1558 1666 1596 papyrus
1709 1549 1857 1586 autem

114 1621 327 1660 CXXXVI
370 1622 557 1660 continet
599 1623 637 1658 Γ
664 1623 746 1660 317
768 1645 819 1650 --
840 1624 875 1659 Δ
893 1623 991 1671 544,
1029 1623 1102 1661 sed
1131 1633 1265 1670 usque
1293 1624 1345 1661 ad
1374 1626 1408 1660 A
1431 1623 1514 1661 352
1543 1623 1761 1661 frustatim
1790 1623 1861 1660 est

112 1696 328 1743 divulsus;
373 1696 564 1743 singulae
602 1697 780 1744 paginae
813 1699 914 1735 sunt
946 1708 1150 1736 versuum
1183 1698 1269 1737 sere
1302 1700 1370 1736 46.
1403 1697 1750 1736 Commemoratu
1783 1697 1860 1735 vix

113 1774 214 1808 sunt
260 1770 385 1817 digna
431 1772 636 1819 temporis
682 1772 832 1810 incerti
879 1772 1120 1820 fragmenta
1166 1783 1403 1820 papyracea
1450 1759 1635 1811 numero*
1677 1771 1857 1810 CXXIX

113 1845 328 1893 insignita,
362 1855 468 1891 quae
501 1845 596 1883 libri
628 1848 665 1882 A
696 1856 831 1894 pauca
862 1847 991 1885 verba
1024 1847 1247 1894 exhibent;
1284 1847 1364 1885 vid.
1398 1847 1576 1894 Kenyon
1608 1847 1634 1884 l.
1669 1846 1694 1884 l.

172 1994 221 2031 In
262 1993 455 2032 Museum
500 1994 740 2032 Parisinum
782 2006 803 2033 e
846 1995 1036 2033 Drovetti
1075 1995 1320 2034 collectione
1357 1996 1550 2043 pervenit
1588 2006 1774 2043 papyrus
1813 1996 1856 2034 in

114 2067 394 2115 Elephantina
434 2069 574 2106 insula
615 2071 820 2117 repertus,
865 2070 974 2107 unde
1005 2079 1139 2116 pauca
1170 2070 1376 2116 quaedam
1415 2071 1606 2108 enotavit
1635 2070 1678 2108 F.
1713 2070 1860 2109 Osann·

114 2143 157 2180 in
196 2142 502 2191 Quaestionum
534 2143 856 2181 Homericaruni
890 2144 1098 2191 particula
1128 2144 1168 2181 II
1206 2144 1362 2191 (Progr.
1397 2144 1546 2183 Gissae
1584 2146 1722 2190 1852).
1758 2145 1857 2183 Con-

115 2217 224 2255 tinet
270 2217 364 2255 libri
406 2218 447 2254 N
491 2219 656 2264 partem
697 2218 879 2264 priorem
922 2228 1057 2265 usque
1099 2219 1150 2256 ad
1194 2229 1367 2257 versum
1404 2221 1498 2268 175,
1532 2221 1605 2259 sed
1638 2220 1858 2259 frustatim

117 2291 343 2330 divulsam.
387 2292 692 2330 Nonnullorum
743 2293 1094 2341 fragmentorum,
1139 2294 1181 2331 in
1225 2294 1376 2340 quibus
1415 2305 1565 2333 versus
1598 2297 1738 2333 6—47
1774 2296 1860 2342 (qui

118 2367 296 2413 paginae
343 2369 408 2405 est
450 2367 642 2411 ultimus)
688 2370 730 2406 et
763 2379 823 2407 vs.
872 2370 1099 2407 143—175
1134 2380 1186 2407 ex
1220 2371 1338 2416 parte
1372 2371 1613 2418 supersunt,
1647 2370 1866 2417 imagines-

119 2443 209 2478 arte
255 2441 558 2489 lithographica
605 2453 830 2489 expressas
879 2443 1051 2481 exhibet
1098 2444 1243 2481 tabula
1287 2444 1368 2482 XII
1415 2445 1554 2492 operis
1599 2445 1769 2483 Notices
1817 2446 1860 2483 et

120 2515 309 2553 Extraits
355 2517 428 2554 des
475 2517 729 2555 Manuscrits
776 2518 826 2556 de
870 2515 910 2556 la
952 2518 1244 2565 Bibliotheque
1280 2520 1503 2567 imperiale
1545 2521 1660 2558 tome
1703 2519 1859 2568 XVIII,

120 2590 298 2628 seconde
343 2591 490 2639 partie,
540 2602 723 2639 papyrus
767 2593 896 2631 Grecs
938 2593 992 2631 du
1032 2593 1194 2631 Louvre
1224 2597 1265 2631 et
1298 2595 1347 2632 de
1382 2594 1422 2632 la
1454 2594 1745 2641 Bibliotheque
1777 2595 1858 2632 Im-

120 2666 274 2712 periale
311 2667 442 2714 18i35;
480 2678 679 2706 versuum
715 2668 938 2706 14:23—175
969 2668 1199 2715 imaginem
1226 2669 1322 2707 hinc
1352 2669 1547 2716 repetivit
1577 2671 1619 2707 et
1647 2669 1860 2716 supplevit

122 2738 323 2778 Silvestre
356 2741 652 2788 Paleograpliie
681 2743 734 2789 pl.
755 2743 865 2790 552.
902 2743 1085 2780 Litterae
1119 2745 1217 2780 sunt
1247 2744 1463 2792 rotundae,
1493 2745 1601 2782 satis
1629 2744 1858 2791 elegantes,

122 2814 254 2860 signis
287 2815 540 2861 prosodiacis
568 2816 633 2854 hic
662 2816 744 2855 illic
774 2818 970 2866 ornatae3
1003 2819 1340 2865 manuscriptum
1372 2819 1482 2857 circa
1512 2819 1665 2857 Christi
1693 2818 1860 2857 natales

123 2890 348 2926 exaratum
381 2899 472 2927 esse
507 2889 684 2928 videtur.

184 2963 403 3000 Praeterea
438 2963 476 3000 in
512 2963 653 3001 Museo
687 2965 876 3003 Parisino
910 2968 1186 3004 asservantur
1219 2967 1458 3014 fragmenta
1490 2979 1725 3016 papyraeea
1759 2969 1859 3015 tria,
