2055 3358
954 208 1012 234 XV

109 336 218 373 quae
260 325 303 363 in
346 324 493 362 tabula
533 323 673 361 XLIX
715 322 854 370 operis
899 321 1024 360 modo
1064 321 1227 359 laudati
1265 321 1458 368 Papyrus
1491 321 1620 359 Grecs
1653 323 1732 360 etc.
1766 326 1867 361 sunt

109 401 288 449 depicta.
338 400 525 448 Quorum
574 398 762 446 primum
812 397 985 435 exhibet
1033 396 1161 434 unius
1204 396 1383 444 paginae
1430 398 1598 443 partem
1644 398 1865 437 sinistram

110 475 303 523 margine
332 475 549 523 superiore
581 474 813 520 carentem,
847 472 890 509 in
919 482 1003 518 qua
1042 481 1248 509 versuum
1282 472 1313 507 Z
1336 472 1475 509 1-—39
1509 472 1710 519 leguntur
1741 475 1867 521 primi

109 552 250 599 pedes.
300 550 543 589 Secundum
591 549 883 596 fragmentum
930 547 1120 585 continet
1169 547 1351 585 duarum
1398 547 1651 594 paginarum
1699 551 1866 596 partem
1931 550 1933 553 ⁴

110 626 311 673 mediam,
355 625 399 663 in
437 635 521 672 qua
561 624 762 671 leguntur
806 632 1012 661 versuum
1049 624 1088 658 Σ
1130 623 1363 661 475—498
1398 622 1541 660 exitus
1574 626 1617 661 et
1651 634 1801 662 versus
1832 627 1870 661 Σ

111 703 342 741 518-535
375 703 548 740 tantum
580 711 664 739 non
695 700 873 747 integri;
904 699 947 736 in
976 699 1103 737 tertio
1135 699 1389 747 fragmento,
1419 699 1540 737 cuius
1573 709 1721 746 margo
1749 710 1867 748 supe—

109 779 195 816 rior
232 779 299 816 est
329 777 507 825 integer,
541 777 662 814 extat
694 775 915 822 sequentis
947 774 1126 822 paginae
1163 774 1350 822 initium,
1385 784 1537 812 versus
1569 775 1608 810 Σ
1635 775 1865 814 544-561

109 854 345 893 continens.

170 1005 359 1051 Denique
401 1001 623 1051 permagni
664 1000 874 1039 momenti
908 1001 973 1038 est
1007 1000 1209 1037 volumen
1243 999 1498 1048 Oxoniense,
1532 1001 1642 1046 quod
1676 1001 1869 1040 Flinders

112 1080 251 1117 Petrie
293 1089 403 1117 anno
440 1079 550 1116 1887
585 1087 639 1115 ex
681 1076 867 1123 Aegypti
911 1075 1002 1113 loco
1035 1075 1108 1121 qui
1140 1075 1307 1122 Fayum
1339 1075 1493 1112 dicitur
1524 1075 1567 1113 in
1600 1076 1868 1115 Britanniam

110 1155 258 1193 attulit
305 1155 346 1192 et
388 1152 673 1192 Universitati
714 1151 946 1190 Oxoniensi
978 1151 1086 1189 dono
1126 1150 1255 1198 dedit,
1289 1150 1361 1187 ubi
1393 1160 1505 1188 nunc
1538 1150 1582 1188 in
1615 1151 1868 1190 bibliotheca

111 1229 343 1268 Bodleiana
385 1229 646 1266 asservatur.
680 1228 729 1264 In
762 1226 914 1274 loculo,
949 1235 1031 1272 quo
1072 1225 1268 1263 mulieris
1299 1225 1518 1263 nobilioris
1550 1235 1702 1273 corpus
1735 1227 1870 1265 condi-

110 1308 205 1343 tum
239 1305 344 1353 erat,
388 1304 466 1341 sub
499 1303 593 1341 eius
625 1302 762 1350 capite
795 1303 1014 1349 repertum
1056 1302 1144 1348 est;
1178 1300 1262 1339 vid.
1297 1300 1363 1338 W.
1400 1301 1452 1338 M.
1493 1301 1685 1339 Flinders
1717 1302 1869 1350 Petrie,

111 1381 310 1429 Hawara,
342 1380 527 1418 Biahmu
560 1379 642 1417 and
674 1379 868 1426 Arsinoe,
903 1377 1076 1415 London
1113 1377 1239 1425 1889,
1275 1376 1362 1414 tab.
1394 1377 1447 1414 23
1477 1378 1520 1414 et
1548 1377 1616 1415 24.
1645 1377 1870 1416 Examina-

111 1457 211 1494 runt
258 1457 300 1494 et
346 1456 544 1494 accurate
587 1454 904 1501 descripserunt
947 1453 1027 1490 viri
1076 1453 1114 1490 d.
1150 1452 1283 1499 Sayce
1316 1453 1359 1489 et
1391 1452 1505 1500 Leaf,
1539 1462 1667 1498 quem
1701 1453 1796 1491 vide
1828 1453 1870 1491 in

112 1531 330 1570 volumine
358 1531 399 1568 II
425 1530 572 1568 Iliadis
600 1540 638 1577 p.
668 1540 740 1567 xv.
772 1529 898 1576 Libri,
930 1528 1000 1574 qui
1019 1523 1077 1564 VO
1094 1538 1132 1575 p.
1155 1527 1196 1565 C.
1226 1527 1397 1565 saeculo
1425 1527 1581 1565 litteris
1607 1529 1871 1575 praegrandi·

111 1609 190 1646 bus
237 1607 521 1655 pulcherrime
570 1608 637 1645 est
683 1606 837 1653 pictus,
883 1605 1077 1652 singulae
1123 1604 1302 1652 paginae
1341 1603 1443 1641 olim
1477 1603 1753 1641 continebant
1783 1614 1870 1642 ver-

108 1693 185 1721 sus
220 1683 297 1730 223
346 1693 459 1720 nunc
502 1684 651 1720 tamen
693 1681 812 1719 nulla
854 1681 1009 1728 pagina
1042 1682 1108 1718 est
1139 1680 1319 1727 integra,
1353 1679 1427 1717 sed
1459 1680 1628 1726 praeter
1658 1666 1872 1717 minutula

109 1759 321 1805 quaedam
354 1758 504 1806 frusta,
538 1758 581 1795 in
620 1757 773 1804 quibus
805 1757 1006 1803 leguntur
1042 1755 1138 1794 libri
1168 1757 1207 1792 A
1233 1765 1386 1793 versus
1415 1755 1498 1792 5Οὸ
1528 1764 1605 1802 sq„
1643 1757 1873 1801 supersunt

110 1836 282 1872 tantum
317 1835 347 1870 B
383 1836 508 1882 1-—6,
544 1833 732 1880 45—49,
770 1832 1014 1879 111-115,
1053 1831 1297 1878 1554157,
1338 1830 1584 1877 ‘Aoo-2023,
1626 1831 1871 1878 223—228,

113 1911 358 1957 245—2-52,
419 1909 665 1956 289—292,
727 1908 973 1954 3:31—337,
1030 1907 1276 1953 345—382,
1327 1906 1574 1953 391-404,
1624 1906 1872 1952 cili—422,

111 1986 359 2033 433—446,
419 1986 666 2033 454-470,
727 1982 974 2030 siva—486,
1030 1983 1278 2029 aias-492,
1327 1982 1574 2027 494—510,
1627 1983 1872 2027 516-531,

113 2062 361 2110 538-559,
417 2060 664 2107 562-598,
721 2060 967 2106 &Ol—621,
1029 2057 1276 2104 624—686,
1327 2057 1574 2105 692-731,
1628 2058 1872 2104 735-753,

115 2138 361 2185 755-841,
406 2136 653 2174 843—877.
699 2135 828 2182 Signa
873 2133 1121 2181 prosodiaca
1154 2133 1317 2180 passim
1353 2134 1454 2170 sunt
1486 2132 1619 2180 allita,
1653 2133 1873 2179 praeterea

112 2212 261 2250 critica
298 2211 503 2250 nonnulla
536 2212 658 2258 signa
693 2213 734 2248 et
767 2209 929 2248 scholia
966 2208 1243 2246 Aristarchea
1274 2208 1434 2246 insunt.
1468 2209 1516 2246 In
1549 2208 1696 2246 tabula
1728 2209 1874 2245 nostra

114 2289 151 2325 A
184 2298 232 2324 ΠΙ
264 2287 393 2325 verba
425 2286 586 2333 aliquot
619 2287 719 2323 sunt
753 2285 932 2332 depicta.

178 2585 281 2622 Post
324 2584 545 2623 volumina
587 2595 824 2632 papyracea
867 2582 1270 2623 commemorandae
1312 2583 1414 2619 sunt
1446 2581 1736 2619 membranae.
1771 2580 1878 2629 Qua·

120 2670 217 2698 rum
270 2660 585 2708 antiquissima,
640 2660 874 2706 eademque
924 2658 1241 2697 formosissima
1285 2658 1327 2694 et
1377 2656 1766 2704 praestantissima,
1811 2658 1878 2693 est

119 2735 253 2773 codex
300 2732 641 2775 Ambrosianus
689 2735 971 2773 bibliothecae
1016 2732 1345 2772 Mediolanensis
1387 2732 1417 2769 F
1462 2732 1559 2779 205,
1604 2731 1676 2777 qui
1708 2730 1878 2769 saeculo

121 2807 179 2847 V0
209 2820 248 2857 p.
270 2809 312 2848 C.
340 2810 496 2848 litteris
524 2810 744 2856 quadratis
771 2810 905 2848 nitide
932 2809 1162 2847 admodum
1193 2809 1259 2846 est
1287 2808 1472 2855 scriptus
1499 2808 1542 2845 et
1568 2806 1726 2844 tabulis
1754 2806 1879 2853 pictis

121 2886 228 2923 artis
260 2885 373 2923 haud
405 2885 742 2923 contemnendae
774 2885 939 2932 passim
974 2885 1221 2930 exornatus,
1253 2884 1402 2921 textus
1432 2884 1579 2920 autem
1605 2883 1671 2920 est
1692 2882 1880 2929 optimae

120 2962 247 2999 notae
296 2962 340 2999 et
381 2960 516 3008 signis
558 2960 818 3008 prosodiacis
863 2960 1114 3006 distinctus;
1159 2958 1342 3005 singulis
1384 2958 1551 3005 paginis
1592 2957 1742 2995 tributi
1779 2959 1882 2994 sunt

124 3046 274 3075 versus
323 3037 391 3075 24.
441 3037 522 3074 Sed
570 3036 813 3074 miserrime
862 3035 1034 3073 habitus
1082 3036 1148 3073 est
1180 3035 1313 3073 codex
1349 3034 1417 3072 hic
1455 3033 1662 3081 egregius,
1697 3042 1799 3070 nam
1832 3042 1882 3070 ea
