2077 3358
178 159 262 197 570
871 178 921 182 —
959 156 995 191 Φ
1026 158 1132 200 (xxl)
1168 177 1216 181 -
1543 158 1663 203 [Μάχη
1686 165 1925 204 παραποτάμιος

323 294 389 334 καὶ
419 302 541 334 πᾶσαι
571 301 713 346 κρῆναι
743 294 810 333 καὶ
840 295 1004 345 φρείατα
1036 293 1166 346 μακρὰ
1197 295 1349 334 νάουσι·

323 369 419 408 ἀλλὰ
450 369 515 408 καὶ
546 367 588 416 ὃς
619 369 799 408 δέδὶοικε
831 369 926 415 Διὸς
958 370 1139 422 μεγάλοιο
1173 370 1367 421 κεραυνὸν

324 445 488 495 δΙ-ἐινήν
519 460 557 484 τε
587 444 770 496 βροντὴν,
801 441 848 483 ὅτ’
885 441 947 482 ἀπ’
983 443 1208 496 οὐρανόθεν
1240 444 1508 499 σμαραγήσῃ.“

212 528 275 558 200
380 514 405 570 ἧ
437 519 499 571 ῥα,
528 518 594 557 καὶ
627 517 668 558 ἐκ
698 522 888 570 κρημνοῖο
914 516 1149 570 ’.Ι-ἐρύσσατο
1182 519 1342 570 χάλκεον
1375 518 1496 570 ἔγχος,
1600 529 1662 558 200
1687 528 1730 557 cf.
1755 530 1790 556 X
1811 528 1874 558 367

322 594 388 633 τὸν
421 592 462 633 δὲ
493 590 572 632 κατ’
608 590 744 632 αὐτόθ’
780 593 940 643 ἔλειπεν,
965 592 1047 633 ἐπεὶ
1078 595 1194 644 φίλον
1225 589 1318 644 ἦτορ
1351 592 1520 645 ἀπέῈρα,
1600 603 1780 634 201¹²=52
1805 605 1846 634 50

321 668 501 718 κείμενον
534 667 575 707 ἐν
607 668 849 718 ψαμάθοισι,
875 665 1019 707 ’δίαινε
1051 667 1093 707 δέ
1125 684 1191 719 μιν
1224 667 1343 719 μέλαν
1375 668 1494 719 ὕδωρ.

321 743 388 783 τὸν
419 741 489 794 μὲν
521 740 578 794 ἄρ’
611 741 782 795 ἐγχέλυές
816 758 853 781 τε
884 742 950 781 καὶ
981 743 1116 794 ἰχθύες
1148 741 1434 793 ἀμφεπένοντο,
1599 753 1662 782 203
1684 751 1727 782 cf.
1748 752 1923 782 3532455

324 818 452 870 δημὸν
484 817 733 869 ἐρεπτόμενοι
765 817 1033 869 ἐπινεφρίδιον
1065 818 1267 869 κείροντες·

215 903 276 934 205
325 893 446 945 αὐτὰρ
480 891 500 932 ὃ
530 890 597 944 ’βῆ
631 890 671 945 ῤ’
706 894 835 944 ἴμεναι
867 892 960 944 μετὰ
991 894 1171 940 Παίονας
1201 891 1504 944 ἱπποκορυστὰς,
1603 902 1665 931 205
1691 901 1733 931 cf.
1759 903 1791 931 K
1814 902 1854 932 73

321 969 365 1008 οἴ
389 966 427 1021 ῤ’
465 968 516 1007 ἔτι
549 967 628 1020 πὰρ
660 968 838 1020 ποταμὸν
866 966 1110 1020 ’πεφοβήατο
1152 968 1349 1019 δινήεντα,

321 1043 372 1091 ὡς
403 1043 540 1083 ἐῖΡιδον
570 1043 638 1083 τὸν
670 1042 828 1095 ἄριστον
862 1043 919 1083 ε’νὶ
949 1050 1115 1098 κρατερῇ
1147 1043 1293 1099 ὑσμίνῃ

321 1116 416 1171 χέρο)
451 1119 529 1158 ὕπο
562 1120 761 1170 Πηλεΐδαο
794 1118 860 1158 καὶ
891 1117 980 1169 ἄορι
1009 1120 1103 1169 ,Ρῖφι
1135 1117 1316 1169 δαμέντα.
1599 1127 1661 1157 208
1687 1127 1730 1156 ef.
1757 1132 1787 1157 Υ
1808 1128 1869 1157 143

322 1192 403 1234 ἔνθ’
440 1194 498 1234 ἕλε
534 1195 765 1246 Θερσίλοχόν
796 1210 834 1234 τε
868 1195 1054 1234 Μύδωνά
1086 1209 1124 1233 ετ
1157 1195 1414 1234 Γαστύπυλόν
1445 1209 1483 1233 τε

211 1279 273 1309 210
325 1270 495 1321 Μνῆσόν
526 1285 564 1308 τε
599 1270 771 1321 Θρασίον
803 1285 841 1309 τε
872 1269 938 1309 καὶ
969 1271 1111 1309 Αἴνιον
1143 1267 1208 1321 ἠδ’
1240 1268 1482 1320 Ὀφελέστην·

319 1345 388 1383 καί
415 1345 465 1384 νύ
497 1341 526 1383 κ’
564 1344 617 1383 ἔτι
642 1343 809 1392 πλέονας
830 1341 961 1384 ’κτάνε
989 1345 1168 1392 Παίονας
1196 1344 1299 1392 ὠκὺς
1327 1345 1526 1396 Ἀχιλλεὺς,
1597 1354 1658 1383 211
1685 1353 1727 1383 cf.
1753 1357 1779 1384 E
1801 1354 1863 1383 679

322 1421 356 1459 εἰ
385 1419 437 1471 μὴ
469 1421 692 1471 χωσάμενος
722 1419 901 1471 προσέφη
933 1422 1107 1471 ποταμὸς
1141 1421 1381 1472 βαθυδίνης,

321 1493 429 1546 ἀνέρι
459 1494 706 1545 Ἑεισάμενος,
735 1493 888 1546 βαθέης
921 1492 958 1533 δ’
994 1494 1035 1534 ἐκ
1062 1492 1278 1547 ’φθέγξατο
1312 1495 1434 1546 δίνης·

377 1565 442 1620 ,,ὦ
469 1573 624 1621 Ἀχιλεῦ,
650 1568 737 1621 περὶ
764 1567 834 1620 μὲν
860 1569 1045 1620 κρατέεις,
1070 1569 1157 1621 περὶ
1185 1567 1222 1608 δ’
1254 1570 1394 1609 αἴσυλα
1423 1569 1539 1622 ῥέζεις
1602 1578 1683 1608 2141)
1707 1578 1749 1607 cf.
1774 1580 1801 1607 Ε
1822 1577 1885 1606 403

211 1653 273 1684 215
326 1643 494 1694 ἀνδρῶν·
527 1644 603 1683 αἰεὶ
635 1645 708 1697 γάρ
740 1660 798 1684 τοι
830 1643 1052 1695 ἀμύνουσιν
1083 1644 1174 1684 θεοὶ
1205 1644 1328 1684 αὐτοί.

319 1721 358 1759 εἴ
382 1736 440 1760 τοι
476 1724 610 1772 Τρῶας
642 1719 761 1759 ἔδωκε
793 1720 954 1771 Κρόνου
986 1724 1078 1767 παῖς
1112 1720 1261 1767 πάντας
1295 1718 1460 1771 ὀλέσσαι,

319 1795 357 1844 ἐξ
388 1794 529 1846 ἐμέθεν
560 1792 590 1848 γ’
628 1795 766 1843 ἐλάσας
798 1795 935 1835 πεδίον
966 1795 1064 1834 κάτα
1097 1794 1266 1847 μέρμερα
1299 1795 1390 1848 ῥέζε·

317 1871 462 1922 πλήθει
507 1869 580 1923 γὰρ
615 1870 663 1921 δή
697 1886 763 1921 μοι
796 1871 950 1910 νεκύων
982 1869 1158 1922 ἐρατεινὰ
1190 1869 1349 1923 ῥέεθρα,

316 1945 410 1986 οὐδέ
445 1946 483 1984 τί
510 1960 566 2001 πῃ
598 1946 772 1996 δύναμαι
799 1944 977 1997 προχέειν
1010 1945 1105 1997 ῥόον
1138 1946 1191 1992 εἰς
1224 1946 1298 1984 ἅλα
1332 1947 1424 1985 δῖαν

205 2030 268 2060 220
315 2021 559 2071 στεινόμενος
592 2021 785 2071 νεκύεσσι,
817 2021 865 2060 σὺ
899 2019 941 2059 δὲ
972 2021 1133 2068 κτείνεις
1167 2020 1348 2072 ἀιδήλως.

1122 2182 1186 2213 209
1224 2183 1378 2222 Μύδωνα]
1424 2185 1572 2214 Μέδοντα
1616 2184 1806 2214 Mschmidt
1847 2183 1924 2214 coll.

213 2183 275 2215 197
298 2181 442 2225 φρείατα]
466 2184 583 2225 φρέατα
602 2185 647 2219 D;
667 2184 811 2225 φρήαταῗ
829 2184 900 2214 Vox
912 2184 1009 2225 φρέαρ

168 2237 299 2266 nonnisi
323 2237 356 2266 h.
381 2237 453 2266 Cer.
481 2238 521 2266 99
547 2237 644 2267 redit.

212 2289 274 2319 198
299 2286 344 2330 ὃς]
369 2291 407 2323 ὡς
430 2290 470 2318 D.

211 2340 273 2371 199
298 2338 496 2382 σμαραγήσῃ]
520 2341 586 2370 vid.
611 2341 653 2370 ad
677 2343 705 2370 Β
731 2341 805 2370 210.

207 2393 270 2423 201
296 2394 406 2423 αὐτόθ’
439 2394 567 2431 ἔλειπεν]
600 2398 650 2423 -θι
670 2396 694 2422 λ.
726 2402 806 2423 mss.
837 2391 849 2434 Η
878 2389 1007 2434 ἀηέὥῖρα

165 2447 181 2483 ἓ
210 2446 286 2484 150]
312 2448 434 2486 ἀπηύρα
459 2455 539 2476 mss.

207 2498 272 2528 203
293 2499 446 2537 ἐγχέλυες]
461 2507 523 2528 vox
536 2499 667 2528 nonnisi
682 2508 728 2528 vs.
744 2499 806 2528 353
820 2498 907 2528 redit
919 2505 926 2534 ;
940 2507 1006 2528 nou

164 2552 314 2589 piscibus
337 2553 559 2581 accensentur
583 2551 642 2580 sed
666 2551 857 2590 reptilibus,
883 2560 1006 2588 cogna-

164 2606 218 2633 tae
239 2606 352 2633 autem
373 2605 452 2633 sunt
472 2612 570 2633 voces
595 2605 718 2642 ἔγχελυς
743 2605 776 2633 et
800 2605 864 2642 ἔχις
882 2603 1006 2643 anquis.

206 2654 271 2685 204
304 2655 552 2697 &navetpqidtofl‘l'
587 2653 709 2697 (ιέφρός
744 2655 835 2694 apud
870 2657 1005 2694 poetam

164 2717 228 2736 non
253 2708 414 2744 obvium).

206 2759 269 2790 205
295 2761 346 2799 ῥ’]
379 2770 444 2790 om.
469 2769 549 2790 mss.
575 2761 690 2789 multa.
721 2759 733 2800 ΙΙ
759 2762 858 2797 ἴμεναι
883 2760 900 2797 ξ
926 2756 1004 2801 125]

161 2813 234 2841 ἰέναι
261 2822 339 2842 mss.

205 2863 269 2893 208
293 2865 361 2904 (ἰόρι
385 2858 475 2904 ffrpz]
503 2865 642 2906 ἠνορέηφι
673 2865 800 2900 Bothe;
831 2865 1005 2903 aliquanto

160 2917 368 2955 probabilius
393 2916 599 2956 *ἀναγκαίηφι
624 2918 734 2955 possis
755 2918 908 2948 conicere
929 2918 1003 2947 coll.

162 2974 190 2998 Υ
224 2970 297 3005 143,
332 2969 392 2998 sed
429 2970 565 3007 vulgata
597 2979 660 2999 non
698 2972 749 3000 est
781 2970 1004 3007 sollicitanda,

159 3021 224 3050 vid.
251 3031 270 3050 σ
296 3021 368 3051 156.

1080 2239 1106 2265 Ρ
1128 2237 1202 2265 216.

1121 2288 1188 2319 212
1211 2289 1363 2327 ποταμὸς]
1391 2290 1522 2323 Ξάνθος
1546 2287 1630 2327 Syr.¹

1121 2338 1202 2382 213]
1233 2341 1297 2370 del.
1323 2342 1452 2378 Heyne,
1486 2342 1629 2371 fortasse
1655 2343 1739 2371 iuro.
1769 2339 1782 2381 ΙΙ
1811 2334 1924 2371 fetad-

1076 2393 1178 2431 μενος]
1216 2394 1368 2429 εἰδόμενος
1402 2394 1517 2423 Ambr.
1558 2392 1570 2434 Η
1607 2390 1741 2435 βαθέης]
1776 2393 1842 2423 vid.
1878 2393 1921 2422 ad

1080 2450 1103 2475 ο
1128 2448 1203 2475 606.
1233 2444 1245 2486 ΙΙ
1279 2446 1310 2475 δ’
1339 2455 1404 2476 om.
1429 2447 1456 2476 L
1487 2448 1521 2476 et
1551 2447 1632 2476 olim
1663 2447 1720 2475 alii
1751 2444 1870 2487 (Ar.?).
1901 2443 1914 2485 ΙΙ

1073 2500 1107 2527 ἐκ
1126 2498 1285 2537 φθέγξατο
1309 2495 1432 2539 (ἐκφθ.)
1458 2497 1562 2528 Paris.
1578 2495 1678 2539 2766]
1697 2497 1863 2537 ἐκφέγξατο
1876 2498 1915 2536 L,

1074 2550 1247 2590 ἐφθέγξατο
1271 2559 1351 2580 mss.
1376 2553 1472 2586 cett.;
1498 2551 1558 2581 sed
1588 2552 1802 2589 suspicamur
1827 2549 1919 2579 aliud

1075 2603 1190 2641 latere,
1226 2604 1308 2641 δίνης
1339 2606 1453 2633 autem
1484 2612 1601 2633 vocem
1635 2613 1652 2633 e
1685 2612 1733 2632 vs.
1760 2604 1822 2632 212
1850 2611 1924 2632 esse

1073 2656 1271 2693 repetitam;
1306 2656 1417 2697 βροτέῃ
1453 2656 1484 2685 δ’
1524 2656 1697 2695 ἐφθέγξατο
1729 2661 1813 2696 φωνῇ
1844 2656 1926 2687 coll·

1073 2718 1088 2737 τ
1115 2709 1176 2737 545
1204 2709 1346 2738 tentavit
1368 2708 1605 2738 vHerwerden.

1120 2759 1187 2789 214
1211 2760 1336 2798 αἴσυλα]
1359 2760 1423 2790 vid.
1449 2761 1491 2789 ad
1514 2763 1541 2790 E
1563 2762 1636 2791 403.

1120 2811 1200 2849 215]
1227 2812 1291 2842 del.
1315 2813 1498 2842 Duentzer.

1116 2863 1179 2894 217
1204 2865 1227 2901 γ’
1256 2862 1380 2905 ἐλάσας]
1406 2865 1453 2894 sic
1478 2867 1544 2902 Ar„
1565 2866 1622 2895 alii
1643 2866 1723 2896 olim
1738 2868 1880 2900 πελάσας.
1899 2863 1912 2906 ΙΙ

1072 2914 1148 2958 ῥέζε]
1176 2918 1268 2955 ῥέζειν
1291 2918 1330 2946 D.

1116 2966 1195 3010 219]
1223 2970 1266 2999 cf.
1292 2970 1390 3007 Vel-g.
1416 2970 1496 3000 Aen.
1521 2970 1547 2999 V
1572 2970 1634 3000 807
1660 2979 1710 3008 sq.

1116 3021 1182 3051 220
1205 3019 1347 3064 άιδήλως]
1374 3022 1490 3061 adv.†,
1515 3022 1581 3052 adi.
1606 3025 1634 3052 Β
1659 3023 1722 3052 455
1748 3023 1811 3052 etc.
