2055 3358
94 187 242 228 Βοιωτία]

129 404 189 434 535

806 205 853 210 ——
898 184 928 220 Β
961 180 1021 231 (11)
1054 204 1108 208 —
1785 182 1838 220 55

1518 331 1580 360 534
1612 345 1654 357 =
1678 331 1740 360 545
1776 332 1839 360 etc.

238 328 288 375 τῷ
323 318 359 359 δ’
396 321 475 372 ἅμα
507 321 791 372 τεσσαράκοντα
824 319 1001 371 μέλαιναι
1033 327 1124 371 νῆες
1155 318 1292 359 ἕποντο

1710 375 1752 405 cf.
1779 376 1840 404 524

237 401 420 448 Λοκρῶν,
451 398 490 436 οἳ
518 397 674 436 ναίουσι
704 395 828 447 πέρην
859 396 964 446 ἱερῆς
989 392 1188 447 Ἐυβοίης.

296 473 334 510 οἳ
365 468 401 510 δ’
432 469 622 523 Ἐυβοιαν
654 470 740 522 ἕχον
773 469 889 521 μένεα
922 471 1118 517 πνείοντες
1140 469 1340 521 ’Ἀβαντες,
1519 473 1599 505 536¹>
1613 476 1839 505 cf.1'8A508

236 547 417 585 Χαλκίδα
448 544 475 585 τ’
512 545 719 599 Εἰρέτριάν
749 561 787 584 τε
818 545 1122 595 πολυστάφυλόν
1153 542 1192 584 θ’
1221 543 1406 584 Ἱστίαιαν

236 621 449 673 Κήρινθόν
482 619 509 660 τ’
545 621 692 672 ἔφαλον
723 621 824 660 Δίου
856 618 881 659 τ’
918 621 1014 660 αἰπὺ
1047 622 1294 673 πτολίεθρον,

232 697 276 735 οῖ’
302 711 339 736 τε
372 697 580 749 Κάρυστον
612 696 699 748 ἔχον
731 693 795 747 ἠδ’
833 698 871 735 οἳ
900 697 1036 747 Στύρα
1063 693 1342 747 ’ναιετάεσκον,

120 779 183 810 540
229 777 306 810 τῶν
343 766 434 811 αὖθ’
469 768 669 824 ἡγεμόνευ’
702 768 944 822 Ἐλεφήνωρ,
976 769 1061 818 ὄζος
1084 770 1241 822 Ἄρηος,

228 847 596 899 Χαλκωδοντιάδης,
626 847 869 899 μεγαθύμων
904 845 1020 898 ἀρχὸς
1052 846 1258 897 Ἀβάντων.
1514 852 1672 881 541=A
1697 853 1761 883 464

227 930 279 977 τῷ
316 919 354 962 δ’
389 920 449 974 ἅμ’
477 922 664 975 ’Ἀβαντες
697 921 836 962 ἕποντο
869 921 976 973 θοοὶ,
1008 920 1151 961 ὄπιθεν
1184 922 1409 973 κομάοντες,

228 996 422 1049 αἰχμηταὶ,
453 1004 647 1049 μεμαῶτες
677 996 879 1052 ὀρεκτῇσιν
912 997 1061 1052 μελίῃσι

227 1073 417 1125 θώρηκας
449 1073 562 1125 ῥῆξαι
595 1074 718 1124 δηίων
751 1072 854 1124 ἀμφὶ
886 1073 1083 1123 στήθεσσι·

116 1156 177 1186 545
226 1155 277 1202 τῷ
311 1144 349 1186 δ’
385 1148 465 1199 ἅμα
497 1148 784 1200 τεσσαράκοντα
817 1146 995 1199 μέλαιναι
1026 1153 1117 1198 νῆες
1151 1146 1302 1187 ἕποντο.
1513 1152 1708 1182 545=534

281 1223 321 1261 οἳ
352 1219 387 1261 δ’
426 1219 482 1275 ἄρ’
520 1223 692 1274 Ἀθήνας
727 1219 845 1275 εἶχον,
876 1222 919 1262 ἐὺ
949 1223 1130 1274 κτίμενον
1163 1223 1413 1274 πτολίεθρον,

226 1297 354 1348 δῆμον
381 1294 597 1350 Ἐρεχθῆος
631 1299 908 1350 μεγαλήτορος,
939 1297 985 1337 ὅν
1016 1294 1096 1337 ποτ’
1134 1297 1283 1348 Ἀθήνη

219 1369 364 1425 ’θρέψε
395 1373 490 1420 Διὸς
522 1373 718 1426 θυγάτηρ,
744 1370 843 1412 ’τέκε
879 1371 921 1412 δὲ
953 1373 1134 1425 ζείδωρος
1166 1371 1329 1425 ἄρουρα·

223 1447 299 1487 κὰδ
331 1445 369 1487 δ’
406 1447 447 1487 ἐν
480 1446 665 1504 Ἀθήνῃσ’
705 1445 819 1500 εἷσεν,
851 1448 931 1504 ἓάῑῷ
965 1447 1021 1488 ε’νὶ
1053 1449 1162 1487 πίονι
1192 1455 1287 1502 νηῷ·

253 1563 316 1593 548
341 1563 375 1592 in
398 1571 530 1601 papyro
554 1561 659 1592 Oxon.
683 1563 788 1592 habet
812 1563 961 1598 obelum,
987 1563 1049 1592 549
1074 1564 1188 1592 autem
1214 1561 1319 1592 deest.

121 1671 183 1702 535
219 1672 312 1713 πέρην
347 1675 425 1713 ἱερῆς
459 1672 616 1712 Ἐυβοίης]
653 1673 747 1710 loqui
788 1672 923 1702 videtur

75 1724 175 1753 homo
199 1724 344 1753 Asianus
369 1724 423 1754 vel
447 1724 635 1754 insulanus.

119 1775 183 1806 536
214 1776 281 1814 sq.]
318 1778 509 1806 contractos
547 1777 594 1806 sic
631 1777 728 1806 affert
762 1777 883 1806 Strabo
906 1777 922 1806 I

73 1838 106 1867 p.
137 1829 178 1858 40
216 1830 249 1858 et
280 1829 309 1858 X
332 1837 365 1866 p.
391 1830 472 1858 453:
500 1830 526 1858 οἳ
552 1829 584 1858 δ’
613 1829 749 1869 Εὔβοιαν
776 1830 849 1867 ἔχον
873 1830 922 1859 καὶ

75 1880 219 1910 Χαλκίδα
242 1880 268 1909 τ’
296 1880 455 1921 Εἰρέτριάν
481 1891 521 1910 τε.

121 1932 184 1963 537
209 1933 459 1972 πολυστάφυλον]
485 1934 528 1963 cf.
549 1943 597 1963 vs.
623 1934 696 1963 507.
723 1931 735 1973 Η
757 1932 921 1970 Ἱστίαιαν]

77 1985 119 2014 cf.
144 1986 159 2022 ἓ
186 1986 237 2014 28.

124 2036 187 2067 538
207 2037 334 2076 ἔφαλον]
348 2037 437 2067 redit
448 2047 497 2067 vs.
514 2039 577 2068 584
595 2040 642 2074 (et
654 2038 686 2067 h.
701 2039 762 2076 Ap.
777 2038 885 2072 410?).
905 2035 917 2078 Η

76 2089 169 2127 Δίου]
201 2092 277 2119 Δῖον
306 2090 439 2119 Bekker
473 2090 550 2120 coll.
574 2099 623 2120 vs.
649 2091 723 2126 501,
749 2091 823 2126 505,
849 2091 923 2125 546,

79 2142 153 2177 569,
178 2142 257 2177 5843
283 2141 348 2171 vid.
375 2142 417 2171 ad
442 2151 491 2171 vs.
517 2144 590 2172 133.

125 2192 189 2223 539
210 2194 418 2224 ’τάιετάεσκον
440 2194 458 2233 ᾖ
487 2191 564 2236 191]
590 2197 790 2224 ναιετάασκον
814 2204 894 2224 mss.

127 2244 191 2275 542
215 2246 328 2276 ὄπιθεν
362 2247 540 2285 κομόωντες]
577 2249 615 2276 ut
648 2248 774 2285 Libyae
806 2250 925 2285 gentes
955 2239 957 2248 >

78 2298 238 2328 Herodot.
273 2299 318 2328 IV
356 2300 430 2328 180.
462 2299 511 2328 Cf.
548 2301 674 2341 Θρήικες
701 2301 868 2340 ἀκρόκομοι
896 2303 923 2329 Δ

81 2350 142 2378 533
165 2352 198 2379 et
211 2352 330 2388 Ἀχαιοὶ
357 2353 434 2392 κάρη
454 2354 619 2388 κομὰοντες
635 2353 772 2389 passim.
787 2369 826 2373 -—
839 2352 923 2381 Cau-

80 2410 152 2430 sam
187 2402 236 2431 rei
271 2403 504 2440 excogitarunt
543 2405 682 2443 posteri,
719 2413 821 2442 quam
857 2404 922 2434 vid.
955 2414 957 2424 ¹

81 2453 171 2491 apud
205 2454 313 2483 Strab.
349 2456 378 2484 X
412 2464 444 2493 p.
471 2456 533 2485 465
570 2456 658 2485 Plut.
691 2457 791 2486 Thes.
818 2455 876 2496 2f.
905 2454 916 2496 Η

82 2508 245 2541 κομὰοντες
269 2506 287 2544 ξ
313 2507 391 2544 191]
417 2509 538 2542 -όωντες
556 2517 636 2537 mss.

127 2556 191 2587 543
205 2556 411 2598 dpsnzfime,
426 2559 489 2588 adi.
505 2560 649 2589 fortasse
659 2560 896 2598 explicandum
906 2570 923 2590 e

79 2611 235 2647 pactione
259 2619 345 2648 quae
368 2611 456 2640 inter
478 2611 643 2641 Eretriam
662 2612 924 2650 Chalcidemque

80 2664 232 2700 tempore
259 2663 340 2692 belli
366 2663 514 2692 Lelantii
545 2664 668 2701 viguit:
694 2667 865 2704 τηλεβόλοις
882 2665 923 2702 μὴ

79 2704 232 2754 ’χρῆσθαι
254 2714 321 2744 vid.
344 2715 470 2744 Arehfl.
497 2716 536 2747 fr.
561 2717 580 2745 4
607 2716 715 2746 Strab.
737 2717 766 2745 X
789 2726 821 2754 p.
848 2718 922 2746 448.

126 2765 191 2796 544
221 2766 322 2805 ῥῆξαι]
359 2767 406 2796 sic
438 2766 532 2805 (ῥῆξε)
569 2768 670 2797 Bekk.
696 2769 820 2797 Anecd.
848 2770 921 2807 836,

80 2818 177 2857 ῥήξειν
202 2828 294 2855 mss„
318 2821 441 2858 {affluar
466 2820 577 2849 Strab.
602 2821 630 2849 X
654 2830 686 2858 p.
712 2822 785 2850 449.
811 2821 921 2850 Verbo

79 2871 196 2907 μέμοιά
240 2871 345 2900 futuri
386 2871 574 2901 infinitivus
616 2873 704 2902 male
743 2873 921 2902 adiunctus

80 2924 130 2951 est
156 2923 259 2952 etiam
292 2926 327 2952 H
349 2924 388 2952 36
415 2926 457 2952 M
481 2925 542 2953 198
557 2921 611 2964 (?)‚
637 2925 710 2963 200,
737 2926 798 2954 218
823 2926 859 2956 Ξ
881 2926 920 2954 89

83 2978 106 3003 O
142 2975 203 3004 105
241 2977 275 3004 Φ
314 2976 376 3004 482
410 2987 424 3004 ο
460 2976 521 3004 522
554 2988 576 3005 ω
609 2977 682 3014 395,
714 2977 795 3006 item
818 2977 921 3006 verbo

78 3030 224 3063 μενεαίνω
261 3030 296 3057 Φ
333 3028 406 3065 176,
441 3028 546 3058 verbo
578 3031 769 3069 ἐφορμάομαι
800 3041 822 3068 φ
847 3030 921 3067 399,

991 1673 1095 1702 verbo
1130 1675 1283 1710 λιλαίομαι
1315 1673 1394 1701 Hes.
1431 1672 1522 1701 Scut.
1555 1672 1627 1700 114.
1661 1670 1745 1700 Cum
1770 1678 1835 1709 spe·
1885 1684 1889 1686 *

992 1724 1088 1753 randi
1123 1725 1254 1754 scilieet
1286 1724 1400 1753 verbis
1431 1725 1509 1753 sunt
1534 1723 1685 1752 confusa.
1710 1722 1834 1760 Vulga-

991 1779 1060 1806 tam
1096 1777 1208 1807 Naber
1240 1777 1287 1806 ita
1321 1776 1475 1806 defendit
1501 1777 1540 1805 ut
1562 1773 1708 1814 cupiendi
1730 1774 1835 1804 verba

992 1829 1083 1867 apud
1117 1830 1304 1858 Homerum
1336 1828 1507 1858 interdum
1537 1825 1686 1867 sperandi
1708 1826 1835 1864 signifi-

992 1882 1158 1911 cationem
1183 1881 1372 1910 adsciscere
1397 1882 1534 1910 statuat.
1554 1877 1566 1920 ΙΙ
1591 1878 1696 1917 δηίων]
1723 1879 1766 1908 cf.
1787 1879 1834 1915 §2

992 1935 1024 1963 et
1049 1934 1064 1970 ἓ
1091 1935 1142 1963 17.
1173 1932 1185 1973 ΙΙ
1217 1932 1383 1971 στήθεσσι]
1409 1944 1478 1971 -σφι
1499 1933 1526 1962 L
1548 1933 1582 1962 et
1593 1931 1835 1961 Bekk-Anecd.

993 1987 1075 2022 8363
1100 1986 1168 2016 vid.
1194 1986 1236 2015 ad
1259 1988 1302 2014 M
1323 1986 1398 2016 401.

1038 2037 1201 2076 546-556]
1244 2038 1333 2067 hunc
1368 2038 1480 2067 locum
1514 2046 1532 2066 a
1576 2036 1697 2066 Solone
1732 2036 1834 2064 inter-

992 2091 1147 2129 polatum
1179 2099 1253 2120 esse
1289 2090 1371 2119 dicit
1408 2090 1577 2127 Diogenes
1611 2089 1767 2118 Laertius
1802 2088 1835 2116 in

992 2143 1061 2172 vita
1096 2143 1162 2172 Sol.
1199 2144 1216 2172 2
1246 2145 1279 2172 et
1304 2144 1340 2178 9;
1366 2151 1439 2180 cap.
1464 2143 1482 2171 9
1510 2143 1623 2171 autem
1647 2141 1696 2183 rei
1720 2142 1834 2169 aucto-

955 2182 957 2229 }
992 2204 1064 2225 rem
1099 2195 1199 2224 affert
1233 2194 1457 2224 Dieuchidam
1492 2195 1736 2231 Megarensem.
1769 2192 1835 2222 Sed

992 2247 1201 2277 Dieuchidas
1237 2247 1317 2285 quid
1348 2247 1469 2276 dixerit
1493 2256 1511 2276 e
1532 2247 1645 2276 verbis
1665 2247 1834 2284 corruptis

992 2309 1059 2329 non
1080 2300 1161 2329 satis
1183 2301 1338 2337 apparet3
1366 2307 1427 2328 nos
1447 2299 1650 2328 arbitramur
1673 2298 1833 2327 Dieuchi-

993 2351 1070 2381 dam
1096 2354 1129 2380 et
1151 2351 1338 2389 Diogenem
1362 2360 1482 2381 versus
1502 2351 1658 2382 547-551.
1676 2350 1834 2394 553-555‚

991 2405 1065 2439 558,
1101 2412 1186 2440 quos
1221 2403 1312 2433 delet
1343 2403 1509 2441 PKnight,
1537 2403 1651 2432 Soloni
1675 2404 1758 2438 (non
1781 2402 1834 2431 Pi-

990 2452 1140 2496 sistrato)
1176 2455 1346 2493 tribuisse,
1376 2455 1462 2484 hane
1499 2455 1659 2484 fabellam
1692 2463 1732 2484 ex
1759 2455 1832 2483 ioco

991 2508 1109 2537 comici
1123 2507 1266 2536 alicuius
1285 2507 1501 2536 Atheniensis
1513 2508 1677 2544 originem
1690 2507 1833 2536 traxisse

990 2559 1069 2599 (vid.
1103 2560 1145 2589 ad
1169 2569 1217 2589 vs.
1244 2560 1306 2589 557
1331 2561 1407 2597 sq.),
1435 2560 1558 2589 Solone
1587 2561 1699 2589 autem
1724 2559 1832 2589 multo

989 2613 1215 2650 antiquiorem
1247 2621 1321 2641 esse
1353 2612 1441 2640 hunc
1469 2612 1592 2641 locum.
1619 2612 1831 2649 Quamquam

988 2665 1022 2693 in
1054 2665 1174 2699 Attica,
1206 2664 1461 2693 Atheniensium
1495 2666 1585 2693 certe
1618 2664 1652 2693 10
1677 2664 1831 2701 gratiam,

989 2717 1213 2754 interpolatus
1245 2724 1319 2745 esse
1350 2716 1494 2753 videtur,
1527 2717 1716 2746 Menesthei
1742 2717 1830 2746 enim

989 2769 1072 2798 alias
1096 2778 1161 2798 non
1186 2769 1249 2797 nisi
1283 2769 1317 2797 in
1342 2768 1486 2798 transitu
1518 2769 1620 2798 seme]
1649 2771 1682 2798 et
1707 2769 1830 2798 iterum

988 2822 1025 2850 fit
1051 2821 1186 2850 mentio.

1035 2871 1097 2902 548
1119 2873 1197 2901 ’τέκε
1212 2889 1251 2892 -
1265 2873 1396 2914 ἄρουρα]
1412 2876 1535 2911 γηγενής
1558 2873 1683 2902 dieitur
1705 2873 1829 2902 Erech-

989 2926 1089 2954 theus
1124 2924 1246 2953 Herod.
1279 2925 1359 2955 VIII
1391 2927 1443 2962 55,
1471 2926 1693 2955 Athenienses
1717 2927 1830 2954 autem

990 2979 1188 3015 αὐτόχθονας
1211 2986 1246 3006 se
1272 2986 1345 3007 esse
1369 2978 1611 3015 gloriabantur.

1036 3027 1099 3058 549
1123 3029 1182 3067 ἐνὶ]
1208 3031 1238 3058 ἐν
1262 3038 1341 3059 mss.
1363 3030 1533 3060 nonnulla.
