<?xml version="1.0" encoding="UTF-8"?>
<!DOCTYPE html PUBLIC "-//W3C//DTD XHTML 1.0 Transitional//EN"
    "http://www.w3.org/TR/xhtml1/DTD/xhtml1-transitional.dtd">
<html xmlns="http://www.w3.org/1999/xhtml" xml:lang="en" lang="en">
 <head>
  <title>
</title>
<meta http-equiv="Content-Type" content="text/html;charset=utf-8" />
  <meta name='ocr-system' content='tesseract 3.04.00' />
  <meta name='ocr-capabilities' content='ocr_page ocr_carea ocr_par ocr_line ocrx_word'/>
</head>
<body>
  <div class='ocr_page' id='page_1' title='image "./iliadiscarminacu00homeuoft/iliadiscarminacu00homeuoft_0013.png"; bbox 0 0 2055 3358; ppageno 0'>
   <div class='ocr_carea' id='block_1_1' title="bbox 83 908 1863 2163">
    <p class='ocr_par' dir='ltr' id='par_1_1' title="bbox 83 908 1838 1339">
     <span class='ocr_line' id='line_1_1' title="bbox 147 908 1833 957; baseline 0.004 -11"><span class='ocrx_word' id='word_1_1' title='bbox 147 908 195 946; x_wconf 89' lang='lat' dir='ltr'>In</span> <span class='ocrx_word' id='word_1_2' title='bbox 227 908 364 947; x_wconf 86' lang='lat' dir='ltr'>fronte</span> <span class='ocrx_word' id='word_1_3' title='bbox 396 908 491 947; x_wconf 84' lang='lat' dir='ltr'>libri</span> <span class='ocrx_word' id='word_1_4' title='bbox 522 919 633 947; x_wconf 86' lang='lat' dir='ltr'>nunc</span> <span class='ocrx_word' id='word_1_5' title='bbox 666 909 823 947; x_wconf 90' lang='lat' dir='ltr'>iterum</span> <span class='ocrx_word' id='word_1_6' title='bbox 850 910 952 948; x_wconf 89' lang='lat' dir='ltr'>editi</span> <span class='ocrx_word' id='word_1_7' title='bbox 981 913 1007 956; x_wconf 90' lang='lat'>¹)</span> <span class='ocrx_word' id='word_1_8' title='bbox 1035 921 1171 957; x_wconf 88' lang='lat' dir='ltr'>neque</span> <span class='ocrx_word' id='word_1_9' title='bbox 1197 912 1368 949; x_wconf 89' lang='lat' dir='ltr'>nostras</span> <span class='ocrx_word' id='word_1_10' title='bbox 1395 913 1582 951; x_wconf 88' lang='lat' dir='ltr'>rationes</span> <span class='ocrx_word' id='word_1_11' title='bbox 1609 913 1833 952; x_wconf 77' lang='lat' dir='ltr'>defendere</span> 
     </span>
     <span class='ocr_line' id='line_1_2' title="bbox 83 984 1838 1033; baseline 0.003 -12"><span class='ocrx_word' id='word_1_12' title='bbox 83 984 130 1021; x_wconf 87' lang='lat' dir='ltr'>in</span> <span class='ocrx_word' id='word_1_13' title='bbox 159 984 302 1022; x_wconf 90' lang='lat' dir='ltr'>animo</span> <span class='ocrx_word' id='word_1_14' title='bbox 330 986 395 1021; x_wconf 89' lang='lat' dir='ltr'>est</span> <span class='ocrx_word' id='word_1_15' title='bbox 421 994 556 1031; x_wconf 91' lang='lat' dir='ltr'>neque</span> <span class='ocrx_word' id='word_1_16' title='bbox 588 985 838 1033; x_wconf 82' lang='lat' dir='ltr'>impugnare</span> <span class='ocrx_word' id='word_1_17' title='bbox 867 985 1042 1024; x_wconf 90' lang='lat' dir='ltr'>alienas.</span> <span class='ocrx_word' id='word_1_18' title='bbox 1075 986 1134 1024; x_wconf 90' lang='lat' dir='ltr'>Ea</span> <span class='ocrx_word' id='word_1_19' title='bbox 1162 987 1277 1024; x_wconf 90' lang='lat' dir='ltr'>enim</span> <span class='ocrx_word' id='word_1_20' title='bbox 1305 987 1464 1025; x_wconf 87' lang='lat' dir='ltr'>criseos</span> <span class='ocrx_word' id='word_1_21' title='bbox 1491 988 1743 1026; x_wconf 74' lang='lat' dir='ltr'>Homericae</span> <span class='ocrx_word' id='word_1_22' title='bbox 1771 991 1838 1027; x_wconf 89' lang='lat' dir='ltr'>est</span> 
     </span>
     <span class='ocr_line' id='line_1_3' title="bbox 84 1059 1837 1112; baseline 0.003 -16"><span class='ocrx_word' id='word_1_23' title='bbox 84 1059 289 1108; x_wconf 86' lang='lat' dir='ltr'>condicio,</span> <span class='ocrx_word' id='word_1_24' title='bbox 319 1060 368 1097; x_wconf 88' lang='lat' dir='ltr'>ut</span> <span class='ocrx_word' id='word_1_25' title='bbox 393 1059 430 1096; x_wconf 88' lang='lat' dir='ltr'>si</span> <span class='ocrx_word' id='word_1_26' title='bbox 454 1059 644 1106; x_wconf 84' lang='lat' dir='ltr'>singulas</span> <span class='ocrx_word' id='word_1_27' title='bbox 672 1061 945 1106; x_wconf 77' lang='lat' dir='ltr'>quaestiones</span> <span class='ocrx_word' id='word_1_28' title='bbox 972 1061 1073 1100; x_wconf 88' lang='lat' dir='ltr'>illuc</span> <span class='ocrx_word' id='word_1_29' title='bbox 1100 1062 1363 1109; x_wconf 78' lang='lat' dir='ltr'>pertinentes</span> <span class='ocrx_word' id='word_1_30' title='bbox 1389 1063 1563 1109; x_wconf 85' lang='lat' dir='ltr'>tangere</span> <span class='ocrx_word' id='word_1_31' title='bbox 1581 1064 1701 1112; x_wconf 86' lang='lat' dir='ltr'>velis,</span> <span class='ocrx_word' id='word_1_32' title='bbox 1725 1064 1837 1102; x_wconf 90' lang='lat' dir='ltr'>intra</span> 
     </span>
     <span class='ocr_line' id='line_1_4' title="bbox 85 1134 1836 1188; baseline 0.004 -17"><span class='ocrx_word' id='word_1_33' title='bbox 85 1134 362 1182; x_wconf 85' lang='lat' dir='ltr'>praefationis</span> <span class='ocrx_word' id='word_1_34' title='bbox 389 1137 594 1181; x_wconf 85' lang='lat' dir='ltr'>angustos</span> <span class='ocrx_word' id='word_1_35' title='bbox 624 1135 835 1173; x_wconf 89' lang='lat' dir='ltr'>cancellos</span> <span class='ocrx_word' id='word_1_36' title='bbox 863 1136 1078 1174; x_wconf 87' lang='lat' dir='ltr'>continere</span> <span class='ocrx_word' id='word_1_37' title='bbox 1106 1139 1148 1174; x_wconf 89' lang='lat' dir='ltr'>te</span> <span class='ocrx_word' id='word_1_38' title='bbox 1176 1146 1375 1183; x_wconf 75' lang='lat' dir='ltr'>nequeas</span> <span class='ocrx_word' id='word_1_39' title='bbox 1406 1137 1666 1187; x_wconf 76' lang='lat' dir='ltr'>Quapropter</span> <span class='ocrx_word' id='word_1_40' title='bbox 1684 1140 1836 1188; x_wconf 91' lang='lat' dir='ltr'>opinio-</span> 
     </span>
     <span class='ocr_line' id='line_1_5' title="bbox 86 1211 1835 1264; baseline 0.004 -17"><span class='ocrx_word' id='word_1_41' title='bbox 86 1219 164 1247; x_wconf 87' lang='lat' dir='ltr'>nes</span> <span class='ocrx_word' id='word_1_42' title='bbox 181 1211 350 1248; x_wconf 88' lang='lat' dir='ltr'>nostras</span> <span class='ocrx_word' id='word_1_43' title='bbox 368 1221 578 1258; x_wconf 77' lang='lat' dir='ltr'>exponere</span> <span class='ocrx_word' id='word_1_44' title='bbox 596 1213 639 1250; x_wconf 91' lang='lat' dir='ltr'>et</span> <span class='ocrx_word' id='word_1_45' title='bbox 656 1222 847 1250; x_wconf 79' lang='lat' dir='ltr'>asserere</span> <span class='ocrx_word' id='word_1_46' title='bbox 866 1212 1112 1251; x_wconf 90' lang='lat' dir='ltr'>studuimus</span> <span class='ocrx_word' id='word_1_47' title='bbox 1129 1213 1171 1250; x_wconf 89' lang='lat' dir='ltr'>in</span> <span class='ocrx_word' id='word_1_48' title='bbox 1190 1213 1428 1251; x_wconf 70' lang='lat' dir='ltr'>Enchiridio</span> <span class='ocrx_word' id='word_1_49' title='bbox 1444 1215 1628 1253; x_wconf 68' lang='lat' dir='ltr'>dictionis</span> <span class='ocrx_word' id='word_1_50' title='bbox 1644 1216 1775 1263; x_wconf 69' lang='lat' dir='ltr'>epicae</span> <span class='ocrx_word' id='word_1_51' title='bbox 1794 1212 1835 1264; x_wconf 76' lang='lat'>²),</span> 
     </span>
     <span class='ocr_line' id='line_1_6' title="bbox 83 1285 1795 1339; baseline 0.004 -17"><span class='ocrx_word' id='word_1_52' title='bbox 83 1285 195 1332; x_wconf 91' lang='lat' dir='ltr'>quod</span> <span class='ocrx_word' id='word_1_53' title='bbox 226 1285 269 1323; x_wconf 91' lang='lat' dir='ltr'>in</span> <span class='ocrx_word' id='word_1_54' title='bbox 300 1286 426 1324; x_wconf 90' lang='lat' dir='ltr'>huius</span> <span class='ocrx_word' id='word_1_55' title='bbox 458 1287 656 1325; x_wconf 86' lang='lat' dir='ltr'>editionis</span> <span class='ocrx_word' id='word_1_56' title='bbox 688 1288 962 1326; x_wconf 80' lang='lat' dir='ltr'>annotatione</span> <span class='ocrx_word' id='word_1_57' title='bbox 993 1288 1158 1335; x_wconf 90' lang='lat' dir='ltr'>passim</span> <span class='ocrx_word' id='word_1_58' title='bbox 1189 1289 1421 1327; x_wconf 83' lang='lat' dir='ltr'>citavimus</span> <span class='ocrx_word' id='word_1_59' title='bbox 1454 1290 1580 1338; x_wconf 86' lang='lat' dir='ltr'>(„vid.</span> <span class='ocrx_word' id='word_1_60' title='bbox 1614 1289 1638 1339; x_wconf 64' lang='grc' dir='ltr'>ξ</span> <span class='ocrx_word' id='word_1_61' title='bbox 1671 1292 1795 1335; x_wconf 89' lang='grc'>...”).</span> 
     </span>
    </p>

    <p class='ocr_par' dir='ltr' id='par_1_2' title="bbox 89 1360 1838 1488">
     <span class='ocr_line' id='line_1_7' title="bbox 146 1360 1838 1411; baseline 0.004 -13"><span class='ocrx_word' id='word_1_62' title='bbox 146 1360 394 1399; x_wconf 80' lang='lat' dir='ltr'>Lectionum</span> <span class='ocrx_word' id='word_1_63' title='bbox 439 1362 694 1400; x_wconf 90' lang='lat' dir='ltr'>vitiosarum</span> <span class='ocrx_word' id='word_1_64' title='bbox 741 1363 938 1401; x_wconf 86' lang='lat' dir='ltr'>inutilem</span> <span class='ocrx_word' id='word_1_65' title='bbox 986 1363 1243 1410; x_wconf 84' lang='lat' dir='ltr'>farraginem</span> <span class='ocrx_word' id='word_1_66' title='bbox 1293 1364 1571 1411; x_wconf 84' lang='lat' dir='ltr'>undecunque</span> <span class='ocrx_word' id='word_1_67' title='bbox 1619 1366 1838 1404; x_wconf 89' lang='lat' dir='ltr'>corradere</span> 
     </span>
     <span class='ocr_line' id='line_1_8' title="bbox 89 1435 1482 1488; baseline 0.003 -15"><span class='ocrx_word' id='word_1_68' title='bbox 89 1435 330 1484; x_wconf 87' lang='lat' dir='ltr'>noluimus;</span> <span class='ocrx_word' id='word_1_69' title='bbox 363 1447 466 1474; x_wconf 89' lang='lat' dir='ltr'>nam</span> <span class='ocrx_word' id='word_1_70' title='bbox 497 1439 546 1475; x_wconf 84' lang='lat' dir='ltr'>ut</span> <span class='ocrx_word' id='word_1_71' title='bbox 578 1448 677 1475; x_wconf 89' lang='lat' dir='ltr'>cum</span> <span class='ocrx_word' id='word_1_72' title='bbox 709 1438 928 1486; x_wconf 89' lang='lat' dir='ltr'>Antiphilo</span> <span class='ocrx_word' id='word_1_73' title='bbox 961 1437 1106 1488; x_wconf 85' lang='lat' dir='ltr'>(epigr.</span> <span class='ocrx_word' id='word_1_74' title='bbox 1143 1439 1209 1483; x_wconf 80' lang='lat'>28)</span> <span class='ocrx_word' id='word_1_75' title='bbox 1244 1439 1482 1488; x_wconf 78' lang='lat' dir='ltr'>loquamur,</span> 
     </span>
    </p>

    <p class='ocr_par' dir='ltr' id='par_1_3' title="bbox 89 1508 1863 2001">
     <span class='ocr_line' id='line_1_9' title="bbox 412 1508 1513 1565; baseline 0.004 -17"><span class='ocrx_word' id='word_1_76' title='bbox 412 1511 590 1561; x_wconf 79' lang='grc' dir='ltr'><em>κάρποις,</em></span> <span class='ocrx_word' id='word_1_77' title='bbox 616 1511 663 1550; x_wconf 84' lang='grc' dir='ltr'><em>οὐ</em></span> <span class='ocrx_word' id='word_1_78' title='bbox 698 1512 913 1550; x_wconf 74' lang='grc' dir='ltr'><em>σταδίοισιν</em></span> <span class='ocrx_word' id='word_1_79' title='bbox 945 1511 1128 1563; x_wconf 80' lang='grc' dir='ltr'><em>ἐρίζομεν·</em></span> <span class='ocrx_word' id='word_1_80' title='bbox 1162 1510 1255 1551; x_wconf 77' lang='grc' dir='ltr'><em>οὐδὲ</em></span> <span class='ocrx_word' id='word_1_81' title='bbox 1286 1512 1358 1565; x_wconf 77' lang='grc' dir='ltr'>γὰρ</span> <span class='ocrx_word' id='word_1_82' title='bbox 1391 1508 1513 1560; x_wconf 77' lang='grc' dir='ltr'><em>αὗλαξ</em></span> 
     </span>
     <span class='ocr_line' id='line_1_10' title="bbox 473 1587 1380 1639; baseline 0.002 -15"><span class='ocrx_word' id='word_1_83' title='bbox 473 1587 678 1638; x_wconf 78' lang='grc' dir='ltr'>Αἰγύπτου</span> <span class='ocrx_word' id='word_1_84' title='bbox 711 1588 870 1638; x_wconf 80' lang='grc' dir='ltr'><em>Λιβύης</em></span> <span class='ocrx_word' id='word_1_85' title='bbox 902 1587 1070 1638; x_wconf 83' lang='grc' dir='ltr'><em>ψάμμου</em></span> <span class='ocrx_word' id='word_1_86' title='bbox 1105 1587 1380 1639; x_wconf 79' lang='grc' dir='ltr'><em>ἐπιστρέφεται.</em></span> 
     </span>
     <span class='ocr_line' id='line_1_11' title="bbox 89 1661 1863 1713; baseline 0.003 -15"><span class='ocrx_word' id='word_1_87' title='bbox 89 1661 239 1707; x_wconf 88' lang='lat' dir='ltr'>Itaque</span> <span class='ocrx_word' id='word_1_88' title='bbox 281 1671 363 1700; x_wconf 90' lang='lat' dir='ltr'>non</span> <span class='ocrx_word' id='word_1_89' title='bbox 405 1662 544 1700; x_wconf 91' lang='lat' dir='ltr'>solum</span> <span class='ocrx_word' id='word_1_90' title='bbox 586 1663 957 1709; x_wconf 86' lang='lat' dir='ltr'>praetermisimus</span> <span class='ocrx_word' id='word_1_91' title='bbox 994 1663 1314 1702; x_wconf 82' lang='lat' dir='ltr'>observationes</span> <span class='ocrx_word' id='word_1_92' title='bbox 1355 1665 1638 1713; x_wconf 87' lang='lat' dir='ltr'>prosodiacas‚</span> <span class='ocrx_word' id='word_1_93' title='bbox 1677 1665 1718 1702; x_wconf 89' lang='lat' dir='ltr'>in</span> <span class='ocrx_word' id='word_1_94' title='bbox 1752 1666 1863 1712; x_wconf 51' lang='lat' dir='ltr'>quis</span> 
     </span>
     <span class='ocr_line' id='line_1_12' title="bbox 90 1735 1837 1788; baseline 0.003 -15"><span class='ocrx_word' id='word_1_95' title='bbox 90 1736 169 1773; x_wconf 93' lang='lat' dir='ltr'>bus</span> <span class='ocrx_word' id='word_1_96' title='bbox 216 1737 439 1775; x_wconf 89' lang='lat' dir='ltr'>enotandis</span> <span class='ocrx_word' id='word_1_97' title='bbox 486 1738 593 1775; x_wconf 86' lang='lat' dir='ltr'>mire</span> <span class='ocrx_word' id='word_1_98' title='bbox 643 1738 863 1776; x_wconf 88' lang='lat' dir='ltr'>sollertem</span> <span class='ocrx_word' id='word_1_99' title='bbox 910 1749 955 1776; x_wconf 93' lang='lat' dir='ltr'>se</span> <span class='ocrx_word' id='word_1_100' title='bbox 997 1739 1212 1786; x_wconf 89' lang='lat' dir='ltr'>praestitit</span> <span class='ocrx_word' id='word_1_101' title='bbox 1254 1739 1457 1777; x_wconf 83' lang='lat' dir='ltr'>LaRoche</span> <span class='ocrx_word' id='word_1_102' title='bbox 1493 1735 1535 1788; x_wconf 68' lang='grc'>3),</span> <span class='ocrx_word' id='word_1_103' title='bbox 1583 1740 1657 1778; x_wconf 89' lang='lat' dir='ltr'>sed</span> <span class='ocrx_word' id='word_1_104' title='bbox 1705 1740 1837 1778; x_wconf 87' lang='lat' dir='ltr'>etiam</span> 
     </span>
     <span class='ocr_line' id='line_1_13' title="bbox 91 1811 1838 1862; baseline 0.003 -14"><span class='ocrx_word' id='word_1_105' title='bbox 91 1811 359 1859; x_wconf 89' lang='lat' dir='ltr'>varietatem,</span> <span class='ocrx_word' id='word_1_106' title='bbox 392 1822 500 1858; x_wconf 87' lang='lat' dir='ltr'>quae</span> <span class='ocrx_word' id='word_1_107' title='bbox 532 1812 647 1851; x_wconf 91' lang='lat' dir='ltr'>nullo</span> <span class='ocrx_word' id='word_1_108' title='bbox 675 1822 757 1850; x_wconf 90' lang='lat' dir='ltr'>non</span> <span class='ocrx_word' id='word_1_109' title='bbox 785 1813 876 1851; x_wconf 88' lang='lat' dir='ltr'>loco</span> <span class='ocrx_word' id='word_1_110' title='bbox 904 1814 1079 1862; x_wconf 84' lang='lat' dir='ltr'>obtinet,</span> <span class='ocrx_word' id='word_1_111' title='bbox 1108 1814 1219 1852; x_wconf 88' lang='lat' dir='ltr'>inter</span> <span class='ocrx_word' id='word_1_112' title='bbox 1242 1811 1583 1852; x_wconf 78' lang='grc' dir='ltr'><strong><em>ἐκέλευε-ἐκέλευσε</em></strong></span> <span class='ocrx_word' id='word_1_113' title='bbox 1610 1816 1652 1853; x_wconf 91' lang='lat' dir='ltr'>et</span> <span class='ocrx_word' id='word_1_114' title='bbox 1679 1815 1838 1853; x_wconf 89' lang='lat' dir='ltr'>similia</span> 
     </span>
     <span class='ocr_line' id='line_1_14' title="bbox 89 1886 1839 1938; baseline 0.003 -15"><span class='ocrx_word' id='word_1_115' title='bbox 89 1887 331 1924; x_wconf 89' lang='lat' dir='ltr'>memoratu</span> <span class='ocrx_word' id='word_1_116' title='bbox 365 1886 582 1934; x_wconf 84' lang='lat' dir='ltr'>indignam</span> <span class='ocrx_word' id='word_1_117' title='bbox 613 1888 856 1936; x_wconf 76' lang='lat' dir='ltr'>habuimus,</span> <span class='ocrx_word' id='word_1_118' title='bbox 890 1888 1093 1934; x_wconf 90' lang='lat' dir='ltr'>quoniam</span> <span class='ocrx_word' id='word_1_119' title='bbox 1125 1889 1305 1935; x_wconf 87' lang='lat' dir='ltr'>singulis</span> <span class='ocrx_word' id='word_1_120' title='bbox 1337 1889 1440 1927; x_wconf 88' lang='lat' dir='ltr'>locis</span> <span class='ocrx_word' id='word_1_121' title='bbox 1473 1892 1619 1927; x_wconf 89' lang='lat' dir='ltr'>utrum</span> <span class='ocrx_word' id='word_1_122' title='bbox 1650 1892 1839 1938; x_wconf 88' lang='lat' dir='ltr'>praestet</span> 
     </span>
     <span class='ocr_line' id='line_1_15' title="bbox 89 1961 766 2001; baseline 0.004 -3"><span class='ocrx_word' id='word_1_123' title='bbox 89 1971 114 1999; x_wconf 88' lang='lat' dir='ltr'>e</span> <span class='ocrx_word' id='word_1_124' title='bbox 147 1962 350 1999; x_wconf 79' lang='lat' dir='ltr'>contextu</span> <span class='ocrx_word' id='word_1_125' title='bbox 383 1963 448 2000; x_wconf 89' lang='lat' dir='ltr'>est</span> <span class='ocrx_word' id='word_1_126' title='bbox 483 1961 766 2001; x_wconf 87' lang='lat' dir='ltr'>efficiendum.</span> 
     </span>
    </p>

    <p class='ocr_par' dir='ltr' id='par_1_4' title="bbox 149 2036 1837 2085">
     <span class='ocr_line' id='line_1_16' title="bbox 149 2036 1837 2085; baseline 0.003 -12"><span class='ocrx_word' id='word_1_127' title='bbox 149 2036 287 2074; x_wconf 89' lang='lat' dir='ltr'>Minus</span> <span class='ocrx_word' id='word_1_128' title='bbox 317 2046 466 2084; x_wconf 88' lang='lat' dir='ltr'>parcos</span> <span class='ocrx_word' id='word_1_129' title='bbox 498 2047 577 2075; x_wconf 91' lang='lat' dir='ltr'>nos</span> <span class='ocrx_word' id='word_1_130' title='bbox 607 2038 905 2085; x_wconf 87' lang='lat' dir='ltr'>praestitimus</span> <span class='ocrx_word' id='word_1_131' title='bbox 936 2038 980 2075; x_wconf 90' lang='lat' dir='ltr'>in</span> <span class='ocrx_word' id='word_1_132' title='bbox 1012 2038 1239 2076; x_wconf 81' lang='lat' dir='ltr'>afferendis</span> <span class='ocrx_word' id='word_1_133' title='bbox 1272 2039 1461 2076; x_wconf 87' lang='lat' dir='ltr'>virorum</span> <span class='ocrx_word' id='word_1_134' title='bbox 1493 2039 1712 2077; x_wconf 91' lang='lat' dir='ltr'>doctorum</span> <span class='ocrx_word' id='word_1_135' title='bbox 1746 2050 1837 2078; x_wconf 84' lang='lat' dir='ltr'>con-</span> 
     </span>
    </p>

    <p class='ocr_par' dir='ltr' id='par_1_5' title="bbox 86 2111 1837 2163">
     <span class='ocr_line' id='line_1_17' title="bbox 86 2111 1837 2163; baseline 0.002 -14"><span class='ocrx_word' id='word_1_136' title='bbox 86 2111 277 2160; x_wconf 87' lang='lat' dir='ltr'>iecturis,</span> <span class='ocrx_word' id='word_1_137' title='bbox 324 2122 580 2160; x_wconf 84' lang='lat' dir='ltr'>operamque</span> <span class='ocrx_word' id='word_1_138' title='bbox 627 2113 823 2150; x_wconf 90' lang='lat' dir='ltr'>dedimus</span> <span class='ocrx_word' id='word_1_139' title='bbox 870 2114 917 2150; x_wconf 87' lang='lat' dir='ltr'>ut</span> <span class='ocrx_word' id='word_1_140' title='bbox 965 2123 1040 2151; x_wconf 90' lang='lat' dir='ltr'>suo</span> <span class='ocrx_word' id='word_1_141' title='bbox 1088 2113 1282 2160; x_wconf 89' lang='lat' dir='ltr'>singulae</span> <span class='ocrx_word' id='word_1_142' title='bbox 1328 2114 1491 2152; x_wconf 89' lang='lat' dir='ltr'>auctori</span> <span class='ocrx_word' id='word_1_143' title='bbox 1536 2114 1837 2163; x_wconf 81' lang='lat' dir='ltr'>tribuerentur.</span> 
     </span>
    </p>
   </div>
   <div class='ocr_carea' id='block_1_2' title="bbox 87 2245 1840 3069">
    <p class='ocr_par' dir='ltr' id='par_1_6' title="bbox 135 2245 987 2287">
     <span class='ocr_line' id='line_1_18' title="bbox 135 2245 987 2287; baseline 0 -9"><span class='ocrx_word' id='word_1_144' title='bbox 135 2245 157 2281; x_wconf 85' lang='lat'>¹)</span> <span class='ocrx_word' id='word_1_145' title='bbox 182 2247 295 2278; x_wconf 81' lang='lat' dir='ltr'>Editio</span> <span class='ocrx_word' id='word_1_146' title='bbox 319 2249 412 2287; x_wconf 86' lang='lat' dir='ltr'>prior</span> <span class='ocrx_word' id='word_1_147' title='bbox 434 2249 468 2278; x_wconf 88' lang='lat' dir='ltr'>in</span> <span class='ocrx_word' id='word_1_148' title='bbox 493 2249 604 2278; x_wconf 88' lang='lat' dir='ltr'>lucem</span> <span class='ocrx_word' id='word_1_149' title='bbox 628 2249 754 2287; x_wconf 85' lang='lat' dir='ltr'>prodiit</span> <span class='ocrx_word' id='word_1_150' title='bbox 778 2258 864 2278; x_wconf 86' lang='lat' dir='ltr'>anno</span> <span class='ocrx_word' id='word_1_151' title='bbox 892 2250 987 2278; x_wconf 82' lang='lat'>1887.</span> 
     </span>
    </p>

    <p class='ocr_par' dir='ltr' id='par_1_7' title="bbox 87 2297 1838 2392">
     <span class='ocr_line' id='line_1_19' title="bbox 135 2297 1838 2340; baseline 0.001 -10"><span class='ocrx_word' id='word_1_152' title='bbox 135 2297 159 2337; x_wconf 76' lang='grc'>2)</span> <span class='ocrx_word' id='word_1_153' title='bbox 190 2301 423 2330; x_wconf 84' lang='lat' dir='ltr'>Enchiridium</span> <span class='ocrx_word' id='word_1_154' title='bbox 460 2301 617 2330; x_wconf 75' lang='lat' dir='ltr'>dictionis</span> <span class='ocrx_word' id='word_1_155' title='bbox 652 2303 768 2339; x_wconf 85' lang='lat' dir='ltr'>epicae</span> <span class='ocrx_word' id='word_1_156' title='bbox 805 2310 868 2330; x_wconf 85' lang='lat' dir='ltr'>scr.</span> <span class='ocrx_word' id='word_1_157' title='bbox 904 2302 935 2331; x_wconf 80' lang='lat' dir='ltr'>J.</span> <span class='ocrx_word' id='word_1_158' title='bbox 960 2310 1022 2330; x_wconf 82' lang='lat' dir='ltr'>van</span> <span class='ocrx_word' id='word_1_159' title='bbox 1048 2301 1215 2330; x_wconf 88' lang='lat' dir='ltr'>Leeuwen</span> <span class='ocrx_word' id='word_1_160' title='bbox 1239 2302 1270 2331; x_wconf 81' lang='lat' dir='ltr'>J.</span> <span class='ocrx_word' id='word_1_161' title='bbox 1294 2301 1328 2340; x_wconf 85' lang='lat' dir='ltr'>f.,</span> <span class='ocrx_word' id='word_1_162' title='bbox 1360 2302 1376 2331; x_wconf 90' lang='grc' dir='ltr'>Ι</span> <span class='ocrx_word' id='word_1_163' title='bbox 1412 2303 1506 2340; x_wconf 85' lang='grc'><strong>1892,</strong></span> <span class='ocrx_word' id='word_1_164' title='bbox 1538 2302 1572 2331; x_wconf 90' lang='lat' dir='ltr'>II</span> <span class='ocrx_word' id='word_1_165' title='bbox 1602 2303 1697 2339; x_wconf 80' lang='lat'>1894,</span> <span class='ocrx_word' id='word_1_166' title='bbox 1729 2303 1838 2340; x_wconf 87' lang='lat' dir='ltr'>Lugd.</span> 
     </span>
     <span class='ocr_line' id='line_1_20' title="bbox 87 2353 970 2392; baseline 0.002 -11"><span class='ocrx_word' id='word_1_167' title='bbox 87 2353 162 2382; x_wconf 80' lang='lat' dir='ltr'>Bat.</span> <span class='ocrx_word' id='word_1_168' title='bbox 187 2353 276 2390; x_wconf 81' lang='lat' dir='ltr'>apud</span> <span class='ocrx_word' id='word_1_169' title='bbox 299 2354 336 2382; x_wconf 93' lang='lat' dir='ltr'>A.</span> <span class='ocrx_word' id='word_1_170' title='bbox 361 2354 408 2383; x_wconf 90' lang='lat' dir='ltr'>W.</span> <span class='ocrx_word' id='word_1_171' title='bbox 434 2354 569 2392; x_wconf 82' lang='lat' dir='ltr'>Sijthoff</span> <span class='ocrx_word' id='word_1_172' title='bbox 592 2362 700 2383; x_wconf 48' lang='grc' dir='ltr'>ἸΙᾹΞΧΠ</span> <span class='ocrx_word' id='word_1_173' title='bbox 724 2356 758 2383; x_wconf 81' lang='lat' dir='ltr'>et</span> <span class='ocrx_word' id='word_1_174' title='bbox 781 2355 843 2383; x_wconf 87' lang='lat'>606</span> <span class='ocrx_word' id='word_1_175' title='bbox 868 2354 970 2392; x_wconf 65' lang='lat' dir='ltr'>pag).</span> 
     </span>
    </p>

    <p class='ocr_par' dir='ltr' id='par_1_8' title="bbox 87 2403 1840 3069">
     <span class='ocr_line' id='line_1_21' title="bbox 135 2403 1838 2445; baseline 0.001 -11"><span class='ocrx_word' id='word_1_176' title='bbox 135 2403 159 2443; x_wconf 79' lang='lat'>³)</span> <span class='ocrx_word' id='word_1_177' title='bbox 187 2406 293 2441; x_wconf 83' lang='lat' dir='ltr'>Quam</span> <span class='ocrx_word' id='word_1_178' title='bbox 315 2406 460 2435; x_wconf 85' lang='lat' dir='ltr'>absurda</span> <span class='ocrx_word' id='word_1_179' title='bbox 480 2406 514 2434; x_wconf 91' lang='lat' dir='ltr'>in</span> <span class='ocrx_word' id='word_1_180' title='bbox 535 2407 826 2444; x_wconf 82' lang='lat' dir='ltr'>praestantissimo</span> <span class='ocrx_word' id='word_1_181' title='bbox 847 2415 982 2444; x_wconf 89' lang='lat' dir='ltr'>quoque</span> <span class='ocrx_word' id='word_1_182' title='bbox 1002 2406 1234 2444; x_wconf 83' lang='lat' dir='ltr'>manuscripto</span> <span class='ocrx_word' id='word_1_183' title='bbox 1253 2407 1465 2443; x_wconf 85' lang='lat' dir='ltr'>reperiantur</span> <span class='ocrx_word' id='word_1_184' title='bbox 1486 2406 1659 2435; x_wconf 79' lang='lat' dir='ltr'>luculento</span> <span class='ocrx_word' id='word_1_185' title='bbox 1684 2407 1838 2445; x_wconf 83' lang='lat' dir='ltr'>exemplo</span> 
     </span>
     <span class='ocr_line' id='line_1_22' title="bbox 88 2457 1839 2499; baseline 0.002 -14"><span class='ocrx_word' id='word_1_186' title='bbox 88 2459 232 2495; x_wconf 83' lang='lat' dir='ltr'>apparet</span> <span class='ocrx_word' id='word_1_187' title='bbox 255 2462 283 2486; x_wconf 77' lang='grc' dir='ltr'><em>Υ</em></span> <span class='ocrx_word' id='word_1_188' title='bbox 302 2459 354 2494; x_wconf 82' lang='lat'>99,</span> <span class='ocrx_word' id='word_1_189' title='bbox 371 2458 431 2486; x_wconf 91' lang='lat' dir='ltr'>ubi</span> <span class='ocrx_word' id='word_1_190' title='bbox 450 2460 558 2487; x_wconf 82' lang='lat' dir='ltr'>metro</span> <span class='ocrx_word' id='word_1_191' title='bbox 590 2460 624 2487; x_wconf 90' lang='lat' dir='ltr'>et</span> <span class='ocrx_word' id='word_1_192' title='bbox 647 2459 868 2495; x_wconf 81' lang='lat' dir='ltr'>grammatica</span> <span class='ocrx_word' id='word_1_193' title='bbox 892 2458 1005 2487; x_wconf 85' lang='lat' dir='ltr'>invitis</span> <span class='ocrx_word' id='word_1_194' title='bbox 1030 2459 1101 2492; x_wconf 75' lang='grc' dir='ltr'><em>ἰθὺς</em></span> <span class='ocrx_word' id='word_1_195' title='bbox 1126 2458 1212 2498; x_wconf 70' lang='grc' dir='ltr'><em>ρ’έλος</em></span> <span class='ocrx_word' id='word_1_196' title='bbox 1242 2467 1303 2496; x_wconf 90' lang='lat' dir='ltr'>pro</span> <span class='ocrx_word' id='word_1_197' title='bbox 1334 2459 1390 2487; x_wconf 77' lang='grc' dir='ltr'>ἰθὺ</span> <span class='ocrx_word' id='word_1_198' title='bbox 1413 2459 1499 2498; x_wconf 76' lang='grc' dir='ltr'><em>ρ’έλος</em></span> <span class='ocrx_word' id='word_1_199' title='bbox 1524 2457 1688 2499; x_wconf 59' lang='grc' dir='ltr'>(-υυ-)</span> <span class='ocrx_word' id='word_1_200' title='bbox 1714 2459 1839 2497; x_wconf 88' lang='lat' dir='ltr'>legitur</span> 
     </span>
     <span class='ocr_line' id='line_1_23' title="bbox 89 2509 1837 2550; baseline 0.002 -13"><span class='ocrx_word' id='word_1_201' title='bbox 89 2509 124 2538; x_wconf 88' lang='lat' dir='ltr'>in</span> <span class='ocrx_word' id='word_1_202' title='bbox 157 2509 329 2539; x_wconf 82' lang='lat' dir='ltr'>codicibus</span> <span class='ocrx_word' id='word_1_203' title='bbox 364 2511 499 2548; x_wconf 82' lang='lat' dir='ltr'>Syriaco</span> <span class='ocrx_word' id='word_1_204' title='bbox 530 2511 705 2549; x_wconf 77' lang='lat' dir='ltr'>rescripto,</span> <span class='ocrx_word' id='word_1_205' title='bbox 735 2511 863 2540; x_wconf 88' lang='lat' dir='ltr'>Veneto</span> <span class='ocrx_word' id='word_1_206' title='bbox 888 2512 925 2549; x_wconf 81' lang='lat' dir='ltr'>A,</span> <span class='ocrx_word' id='word_1_207' title='bbox 960 2510 1186 2539; x_wconf 82' lang='lat' dir='ltr'>Laurentiano</span> <span class='ocrx_word' id='word_1_208' title='bbox 1212 2510 1247 2548; x_wconf 90' lang='lat' dir='ltr'>C,</span> <span class='ocrx_word' id='word_1_209' title='bbox 1278 2510 1529 2539; x_wconf 82' lang='lat' dir='ltr'>Vindobonensi</span> <span class='ocrx_word' id='word_1_210' title='bbox 1553 2511 1592 2550; x_wconf 78' lang='lat' dir='ltr'>G,</span> <span class='ocrx_word' id='word_1_211' title='bbox 1624 2520 1685 2540; x_wconf 88' lang='lat' dir='ltr'>nec</span> <span class='ocrx_word' id='word_1_212' title='bbox 1714 2520 1781 2541; x_wconf 90' lang='lat' dir='ltr'>non</span> <span class='ocrx_word' id='word_1_213' title='bbox 1805 2512 1837 2540; x_wconf 90' lang='lat' dir='ltr'>in</span> 
     </span>
     <span class='ocr_line' id='line_1_24' title="bbox 88 2561 1838 2605; baseline 0.002 -15"><span class='ocrx_word' id='word_1_214' title='bbox 88 2561 296 2591; x_wconf 82' lang='lat' dir='ltr'>editionibus</span> <span class='ocrx_word' id='word_1_215' title='bbox 319 2562 406 2592; x_wconf 81' lang='lat' dir='ltr'>Flor.</span> <span class='ocrx_word' id='word_1_216' title='bbox 431 2563 504 2592; x_wconf 88' lang='lat' dir='ltr'>Ald.</span> <span class='ocrx_word' id='word_1_217' title='bbox 529 2564 641 2598; x_wconf 87' lang='lat' dir='ltr'>Rom.;</span> <span class='ocrx_word' id='word_1_218' title='bbox 668 2564 749 2601; x_wconf 89' lang='lat' dir='ltr'>quin</span> <span class='ocrx_word' id='word_1_219' title='bbox 773 2564 838 2592; x_wconf 83' lang='lat' dir='ltr'>fuit</span> <span class='ocrx_word' id='word_1_220' title='bbox 861 2564 919 2601; x_wconf 89' lang='lat' dir='ltr'>qui</span> <span class='ocrx_word' id='word_1_221' title='bbox 943 2563 977 2592; x_wconf 90' lang='lat' dir='ltr'>in</span> <span class='ocrx_word' id='word_1_222' title='bbox 1001 2563 1116 2592; x_wconf 81' lang='lat' dir='ltr'>codice</span> <span class='ocrx_word' id='word_1_223' title='bbox 1140 2564 1166 2591; x_wconf 94' lang='lat' dir='ltr'>A</span> <span class='ocrx_word' id='word_1_224' title='bbox 1191 2564 1367 2592; x_wconf 82' lang='lat' dir='ltr'>annotaret</span> <span class='ocrx_word' id='word_1_225' title='bbox 1393 2564 1445 2598; x_wconf 83' lang='grc' dir='ltr'>,,ἐν</span> <span class='ocrx_word' id='word_1_226' title='bbox 1467 2563 1545 2603; x_wconf 74' lang='grc' dir='ltr'>ἄλλῳ</span> <span class='ocrx_word' id='word_1_227' title='bbox 1570 2565 1640 2594; x_wconf 76' lang='grc' dir='ltr'>ἰθὺ</span> <span class='ocrx_word' id='word_1_228' title='bbox 1667 2565 1761 2605; x_wconf 82' lang='grc' dir='ltr'><em>χωρὶς</em></span> <span class='ocrx_word' id='word_1_229' title='bbox 1784 2569 1838 2594; x_wconf 78' lang='grc' dir='ltr'><em>τοῦ</em></span> 
     </span>
     <span class='ocr_line' id='line_1_25' title="bbox 91 2614 1838 2654; baseline 0.002 -12"><span class='ocrx_word' id='word_1_230' title='bbox 91 2614 131 2642; x_wconf 87' lang='grc' dir='ltr'>σ”</span> <span class='ocrx_word' id='word_1_231' title='bbox 155 2622 265 2651; x_wconf 85' lang='lat' dir='ltr'>neque</span> <span class='ocrx_word' id='word_1_232' title='bbox 288 2614 503 2651; x_wconf 80' lang='lat' dir='ltr'>intellegeret</span> <span class='ocrx_word' id='word_1_233' title='bbox 533 2615 682 2644; x_wconf 86' lang='lat' dir='ltr'>litteram</span> <span class='ocrx_word' id='word_1_234' title='bbox 705 2615 933 2653; x_wconf 88' lang='lat' dir='ltr'>importunam</span> <span class='ocrx_word' id='word_1_235' title='bbox 957 2624 1023 2644; x_wconf 91' lang='lat' dir='ltr'>una</span> <span class='ocrx_word' id='word_1_236' title='bbox 1047 2615 1146 2644; x_wconf 88' lang='lat' dir='ltr'>litura</span> <span class='ocrx_word' id='word_1_237' title='bbox 1172 2614 1351 2644; x_wconf 84' lang='lat' dir='ltr'>delendam</span> <span class='ocrx_word' id='word_1_238' title='bbox 1379 2623 1464 2644; x_wconf 85' lang='lat' dir='ltr'>esse.</span> <span class='ocrx_word' id='word_1_239' title='bbox 1489 2615 1561 2645; x_wconf 91' lang='lat' dir='ltr'>Non</span> <span class='ocrx_word' id='word_1_240' title='bbox 1584 2617 1697 2646; x_wconf 83' lang='lat' dir='ltr'>minus</span> <span class='ocrx_word' id='word_1_241' title='bbox 1721 2619 1838 2654; x_wconf 84' lang='lat' dir='ltr'>aperte</span> 
     </span>
     <span class='ocr_line' id='line_1_26' title="bbox 88 2666 1839 2707; baseline 0.002 -13"><span class='ocrx_word' id='word_1_242' title='bbox 88 2666 212 2695; x_wconf 86' lang='lat' dir='ltr'>mentis</span> <span class='ocrx_word' id='word_1_243' title='bbox 247 2666 447 2703; x_wconf 87' lang='lat' dir='ltr'>auriumque</span> <span class='ocrx_word' id='word_1_244' title='bbox 478 2668 652 2703; x_wconf 85' lang='lat' dir='ltr'>stuporem</span> <span class='ocrx_word' id='word_1_245' title='bbox 678 2669 823 2696; x_wconf 87' lang='lat' dir='ltr'>testatur</span> <span class='ocrx_word' id='word_1_246' title='bbox 846 2667 1050 2705; x_wconf 87' lang='lat' dir='ltr'>optimorum</span> <span class='ocrx_word' id='word_1_247' title='bbox 1074 2666 1227 2696; x_wconf 81' lang='lat' dir='ltr'>codicum</span> <span class='ocrx_word' id='word_1_248' title='bbox 1251 2667 1350 2695; x_wconf 82' lang='lat' dir='ltr'>lectio</span> <span class='ocrx_word' id='word_1_249' title='bbox 1374 2666 1475 2705; x_wconf 78' lang='grc' dir='ltr'><em>ἀχέων</em></span> <span class='ocrx_word' id='word_1_250' title='bbox 1498 2672 1519 2707; x_wconf 72' lang='grc' dir='ltr'><em>β</em></span> <span class='ocrx_word' id='word_1_251' title='bbox 1544 2668 1584 2697; x_wconf 84' lang='grc'>87</span> <span class='ocrx_word' id='word_1_252' title='bbox 1608 2677 1669 2706; x_wconf 90' lang='lat' dir='ltr'>pro</span> <span class='ocrx_word' id='word_1_253' title='bbox 1694 2670 1839 2707; x_wconf 70' lang='grc' dir='ltr'>Ἀχαιῶν,</span> 
     </span>
     <span class='ocr_line' id='line_1_27' title="bbox 88 2718 1839 2760; baseline 0.002 -14"><span class='ocrx_word' id='word_1_254' title='bbox 88 2726 176 2755; x_wconf 86' lang='lat' dir='ltr'>quae</span> <span class='ocrx_word' id='word_1_255' title='bbox 200 2718 234 2746; x_wconf 84' lang='lat' dir='ltr'>in</span> <span class='ocrx_word' id='word_1_256' title='bbox 259 2718 397 2747; x_wconf 80' lang='lat' dir='ltr'>scholiis</span> <span class='ocrx_word' id='word_1_257' title='bbox 419 2718 466 2746; x_wconf 85' lang='lat' dir='ltr'>ita</span> <span class='ocrx_word' id='word_1_258' title='bbox 490 2718 692 2755; x_wconf 80' lang='lat' dir='ltr'>explicatur:</span> <span class='ocrx_word' id='word_1_259' title='bbox 720 2720 841 2757; x_wconf 58' lang='lat' dir='ltr'>„c&#39;tls&#39;wv</span> <span class='ocrx_word' id='word_1_260' title='bbox 867 2721 955 2757; x_wconf 75' lang='grc' dir='ltr'><em>ἠγοῦν</em></span> <span class='ocrx_word' id='word_1_261' title='bbox 979 2725 1037 2748; x_wconf 84' lang='grc' dir='ltr'>τῶν</span> <span class='ocrx_word' id='word_1_262' title='bbox 1061 2722 1210 2755; x_wconf 64' lang='grc' dir='ltr'>θλίψεων</span> <span class='ocrx_word' id='word_1_263' title='bbox 1239 2722 1253 2756; x_wconf 71' lang='lat'>1]-</span> <span class='ocrx_word' id='word_1_264' title='bbox 1279 2718 1359 2752; x_wconf 78' lang='grc' dir='ltr'><em>ὀξεῖα</em></span> <span class='ocrx_word' id='word_1_265' title='bbox 1383 2720 1468 2760; x_wconf 78' lang='grc' dir='ltr'>παρὰ</span> <span class='ocrx_word' id='word_1_266' title='bbox 1488 2725 1529 2759; x_wconf 80' lang='grc' dir='ltr'>τῷ</span> <span class='ocrx_word' id='word_1_267' title='bbox 1551 2725 1661 2760; x_wconf 78' lang='grc' dir='ltr'><em>ποιητῇ</em></span> <span class='ocrx_word' id='word_1_268' title='bbox 1685 2719 1839 2750; x_wconf 77' lang='grc' dir='ltr'><strong><em>ἐκτείιέι.”</em></strong></span> 
     </span>
     <span class='ocr_line' id='line_1_28' title="bbox 89 2770 1836 2809; baseline 0.001 -10"><span class='ocrx_word' id='word_1_269' title='bbox 89 2770 249 2800; x_wconf 78' lang='lat' dir='ltr'>Eiusdem</span> <span class='ocrx_word' id='word_1_270' title='bbox 282 2771 409 2800; x_wconf 79' lang='lat' dir='ltr'>farinae</span> <span class='ocrx_word' id='word_1_271' title='bbox 442 2773 521 2799; x_wconf 87' lang='lat' dir='ltr'>sunt</span> <span class='ocrx_word' id='word_1_272' title='bbox 544 2771 623 2800; x_wconf 78' lang='grc' dir='ltr'><em>ἔδαιε</em></span> <span class='ocrx_word' id='word_1_273' title='bbox 647 2773 681 2800; x_wconf 87' lang='lat' dir='ltr'>et</span> <span class='ocrx_word' id='word_1_274' title='bbox 704 2773 802 2801; x_wconf 73' lang='grc' dir='ltr'><em>αἴὸεαι</em></span> <span class='ocrx_word' id='word_1_275' title='bbox 826 2781 887 2809; x_wconf 86' lang='lat' dir='ltr'>pro</span> <span class='ocrx_word' id='word_1_276' title='bbox 912 2772 992 2801; x_wconf 78' lang='grc' dir='ltr'><em>ἔδεαι</em></span> <span class='ocrx_word' id='word_1_277' title='bbox 1023 2772 1054 2800; x_wconf 85' lang='grc' dir='ltr'>,Ω</span> <span class='ocrx_word' id='word_1_278' title='bbox 1080 2772 1153 2809; x_wconf 83' lang='grc'><strong>129,</strong></span> <span class='ocrx_word' id='word_1_279' title='bbox 1177 2771 1318 2808; x_wconf 75' lang='grc' dir='ltr'><em>αι’νέσιμα</em></span> <span class='ocrx_word' id='word_1_280' title='bbox 1342 2780 1403 2808; x_wconf 88' lang='lat' dir='ltr'>pro</span> <span class='ocrx_word' id='word_1_281' title='bbox 1427 2774 1568 2809; x_wconf 75' lang='grc' dir='ltr'>ἐναίσιμα</span> <span class='ocrx_word' id='word_1_282' title='bbox 1592 2773 1623 2802; x_wconf 85' lang='grc' dir='ltr'>Ω</span> <span class='ocrx_word' id='word_1_283' title='bbox 1647 2773 1710 2802; x_wconf 85' lang='lat'>425</span> <span class='ocrx_word' id='word_1_284' title='bbox 1736 2785 1747 2801; x_wconf 85' lang='grc' dir='ltr'><em>ε</em></span> <span class='ocrx_word' id='word_1_285' title='bbox 1775 2773 1836 2801; x_wconf 89' lang='grc'>190</span> 
     </span>
     <span class='ocr_line' id='line_1_29' title="bbox 87 2814 1838 2864; baseline 0.001 -14"><span class='ocrx_word' id='word_1_286' title='bbox 87 2823 165 2857; x_wconf 63' lang='lat' dir='ltr'>etc„</span> <span class='ocrx_word' id='word_1_287' title='bbox 199 2819 272 2861; x_wconf 66' lang='grc' dir='ltr'>φῗλα</span> <span class='ocrx_word' id='word_1_288' title='bbox 308 2814 396 2852; x_wconf 45' lang='grc' dir='ltr'><em>τέκνα</em></span> <span class='ocrx_word' id='word_1_289' title='bbox 429 2834 446 2860; x_wconf 83' lang='grc' dir='ltr'><em>γ</em></span> <span class='ocrx_word' id='word_1_290' title='bbox 483 2823 557 2858; x_wconf 80' lang='grc'><strong>418,</strong></span> <span class='ocrx_word' id='word_1_291' title='bbox 583 2827 713 2852; x_wconf 66' lang='grc' dir='ltr'><em>Δαναῶν</em></span> <span class='ocrx_word' id='word_1_292' title='bbox 748 2832 809 2861; x_wconf 86' lang='lat' dir='ltr'>pro</span> <span class='ocrx_word' id='word_1_293' title='bbox 833 2826 966 2862; x_wconf 78' lang='grc' dir='ltr'><em>,Ἀχαιῶν</em></span> <span class='ocrx_word' id='word_1_294' title='bbox 996 2836 1013 2861; x_wconf 84' lang='grc' dir='ltr'><em>γ</em></span> <span class='ocrx_word' id='word_1_295' title='bbox 1047 2824 1119 2861; x_wconf 87' lang='grc'><strong>185,</strong></span> <span class='ocrx_word' id='word_1_296' title='bbox 1148 2823 1269 2859; x_wconf 73' lang='grc' dir='ltr'><em>ἔδμαινε</em></span> <span class='ocrx_word' id='word_1_297' title='bbox 1293 2832 1354 2861; x_wconf 88' lang='lat' dir='ltr'>pro</span> <span class='ocrx_word' id='word_1_298' title='bbox 1378 2823 1500 2860; x_wconf 71' lang='grc' dir='ltr'><em>ἔδμεναι</em></span> <span class='ocrx_word' id='word_1_299' title='bbox 1529 2836 1546 2854; x_wconf 89' lang='grc' dir='ltr'>κ</span> <span class='ocrx_word' id='word_1_300' title='bbox 1571 2825 1652 2860; x_wconf 80' lang='grc'>243;</span> <span class='ocrx_word' id='word_1_301' title='bbox 1677 2824 1756 2852; x_wconf 83' lang='lat' dir='ltr'>alibi</span> <span class='ocrx_word' id='word_1_302' title='bbox 1783 2826 1838 2864; x_wconf 77' lang='grc' dir='ltr'>(ἰίρ-</span> 
     </span>
     <span class='ocr_line' id='line_1_30' title="bbox 88 2874 1837 2916; baseline 0.001 -13"><span class='ocrx_word' id='word_1_303' title='bbox 88 2886 176 2911; x_wconf 80' lang='grc' dir='ltr'><em>μαινε</em></span> <span class='ocrx_word' id='word_1_304' title='bbox 211 2875 251 2904; x_wconf 77' lang='lat' dir='ltr'>fit</span> <span class='ocrx_word' id='word_1_305' title='bbox 281 2876 412 2916; x_wconf 75' lang='grc' dir='ltr'><em>ὥρμεναι</em></span> <span class='ocrx_word' id='word_1_306' title='bbox 442 2874 494 2904; x_wconf 83' lang='lat' dir='ltr'>Vel</span> <span class='ocrx_word' id='word_1_307' title='bbox 527 2875 606 2915; x_wconf 72' lang='grc' dir='ltr'><em>ἕραιε</em></span> <span class='ocrx_word' id='word_1_308' title='bbox 636 2884 713 2904; x_wconf 88' lang='lat' dir='ltr'>cum</span> <span class='ocrx_word' id='word_1_309' title='bbox 744 2877 842 2916; x_wconf 70' lang='grc' dir='ltr'>αἶ’ρεαι</span> <span class='ocrx_word' id='word_1_310' title='bbox 868 2877 1090 2913; x_wconf 71' lang='lat' dir='ltr'>permutatur.</span> <span class='ocrx_word' id='word_1_311' title='bbox 1114 2874 1208 2903; x_wconf 79' lang='lat' dir='ltr'>Adde</span> <span class='ocrx_word' id='word_1_312' title='bbox 1233 2875 1295 2909; x_wconf 77' lang='grc' dir='ltr'>ὅτις</span> <span class='ocrx_word' id='word_1_313' title='bbox 1317 2883 1379 2912; x_wconf 87' lang='lat' dir='ltr'>pro</span> <span class='ocrx_word' id='word_1_314' title='bbox 1404 2875 1486 2909; x_wconf 81' lang='grc' dir='ltr'><em>ὅστις</em></span> <span class='ocrx_word' id='word_1_315' title='bbox 1507 2879 1528 2915; x_wconf 82' lang='grc' dir='ltr'>β</span> <span class='ocrx_word' id='word_1_316' title='bbox 1553 2876 1628 2911; x_wconf 85' lang='grc'><strong>350,</strong></span> <span class='ocrx_word' id='word_1_317' title='bbox 1652 2879 1751 2912; x_wconf 69' lang='grc' dir='ltr'><em>-μεθα</em></span> <span class='ocrx_word' id='word_1_318' title='bbox 1777 2884 1837 2913; x_wconf 81' lang='lat' dir='ltr'>pro</span> 
     </span>
     <span class='ocr_line' id='line_1_31' title="bbox 87 2927 1840 2967; baseline 0 -11"><span class='ocrx_word' id='word_1_319' title='bbox 87 2930 210 2964; x_wconf 77' lang='grc' dir='ltr'><em>-μεσθα</em></span> <span class='ocrx_word' id='word_1_320' title='bbox 237 2930 270 2957; x_wconf 76' lang='grc' dir='ltr'><em>Ψ</em></span> <span class='ocrx_word' id='word_1_321' title='bbox 288 2929 340 2964; x_wconf 86' lang='grc'><strong>10,</strong></span> <span class='ocrx_word' id='word_1_322' title='bbox 362 2927 492 2967; x_wconf 71' lang='grc' dir='ltr'>βαλύνθ’</span> <span class='ocrx_word' id='word_1_323' title='bbox 520 2936 580 2964; x_wconf 89' lang='lat' dir='ltr'>pro</span> <span class='ocrx_word' id='word_1_324' title='bbox 604 2928 751 2966; x_wconf 75' lang='grc' dir='ltr'>βάλλονθ’</span> <span class='ocrx_word' id='word_1_325' title='bbox 783 2931 818 2957; x_wconf 68' lang='lat'>¹1⁴·</span> <span class='ocrx_word' id='word_1_326' title='bbox 832 2928 906 2966; x_wconf 83' lang='lat'><strong>697,</strong></span> <span class='ocrx_word' id='word_1_327' title='bbox 926 2929 1078 2967; x_wconf 79' lang='grc' dir='ltr'><em>μόρσιμον</em></span> <span class='ocrx_word' id='word_1_328' title='bbox 1103 2927 1228 2964; x_wconf 61' lang='grc' dir='ltr'>(υυ-)</span> <span class='ocrx_word' id='word_1_329' title='bbox 1255 2931 1280 2955; x_wconf 75' lang='grc' dir='ltr'><em>Υ</em></span> <span class='ocrx_word' id='word_1_330' title='bbox 1297 2927 1372 2963; x_wconf 83' lang='lat'>302,</span> <span class='ocrx_word' id='word_1_331' title='bbox 1392 2928 1566 2967; x_wconf 80' lang='grc' dir='ltr'><em>ὀρυγμαδός</em></span> <span class='ocrx_word' id='word_1_332' title='bbox 1585 2936 1647 2965; x_wconf 89' lang='lat' dir='ltr'>pro</span> <span class='ocrx_word' id='word_1_333' title='bbox 1667 2927 1840 2967; x_wconf 68' lang='grc' dir='ltr'>ὀρῦμιιγὸός</span> 
     </span>
     <span class='ocr_line' id='line_1_32' title="bbox 89 2979 1838 3018; baseline -0.001 -10"><span class='ocrx_word' id='word_1_334' title='bbox 89 2979 279 3009; x_wconf 87' lang='lat' dir='ltr'>incredibili</span> <span class='ocrx_word' id='word_1_335' title='bbox 304 2980 491 3009; x_wconf 80' lang='lat' dir='ltr'>constantia</span> <span class='ocrx_word' id='word_1_336' title='bbox 514 2981 638 3017; x_wconf 87' lang='lat' dir='ltr'>passim</span> <span class='ocrx_word' id='word_1_337' title='bbox 663 2980 823 3018; x_wconf 83' lang='lat' dir='ltr'>positum,</span> <span class='ocrx_word' id='word_1_338' title='bbox 847 2979 1093 3008; x_wconf 77' lang='grc' dir='ltr'><em>ἀποπτανέουσιν</em></span> <span class='ocrx_word' id='word_1_339' title='bbox 1117 2987 1178 3017; x_wconf 90' lang='lat' dir='ltr'>pro</span> <span class='ocrx_word' id='word_1_340' title='bbox 1203 2979 1494 3009; x_wconf 79' lang='grc' dir='ltr'><em>ἀποπαπτανέουσιν</em></span> <span class='ocrx_word' id='word_1_341' title='bbox 1518 2979 1551 3008; x_wconf 89' lang='lat' dir='ltr'>in</span> <span class='ocrx_word' id='word_1_342' title='bbox 1572 2979 1745 3008; x_wconf 86' lang='lat' dir='ltr'>codicibus</span> <span class='ocrx_word' id='word_1_343' title='bbox 1766 2981 1838 3008; x_wconf 82' lang='lat' dir='ltr'>tan-</span> 
     </span>
     <span class='ocr_line' id='line_1_33' title="bbox 87 3031 863 3069; baseline 0.001 -9"><span class='ocrx_word' id='word_1_344' title='bbox 87 3033 162 3060; x_wconf 75' lang='lat' dir='ltr'>tum</span> <span class='ocrx_word' id='word_1_345' title='bbox 186 3041 251 3060; x_wconf 92' lang='lat' dir='ltr'>non</span> <span class='ocrx_word' id='word_1_346' title='bbox 275 3032 432 3061; x_wconf 90' lang='lat' dir='ltr'>omnibus</span> <span class='ocrx_word' id='word_1_347' title='bbox 455 3031 619 3069; x_wconf 84' lang='lat' dir='ltr'>scriptum</span> <span class='ocrx_word' id='word_1_348' title='bbox 645 3033 680 3060; x_wconf 88' lang='grc' dir='ltr'><em>Ξ</em></span> <span class='ocrx_word' id='word_1_349' title='bbox 701 3033 774 3068; x_wconf 90' lang='grc'><strong>101,</strong></span> <span class='ocrx_word' id='word_1_350' title='bbox 800 3034 863 3061; x_wconf 86' lang='lat' dir='ltr'>etc.</span> 
     </span>
    </p>
   </div>
  </div>
 </body>
</html>
