2055 3358
1016 199 1045 225 X

153 307 303 346 formis
336 309 560 348 verborum
593 309 895 358 διεκτεταμέναις
927 320 1001 348 cur
1026 311 1220 349 ‘sinceras
1251 311 1602 348 substituerimus
1629 310 1791 347 dictum
1825 310 1891 346 est

152 383 306 421 ibidem
341 384 363 428 ἓ
399 384 492 422 191.
527 384 653 422 Plura
683 394 790 431 quae
823 384 874 422 ad
905 384 1248 432 orthographiam
1281 387 1477 432 spectant
1503 394 1615 422 nunc
1641 384 1759 431 tangi
1786 393 1890 431 opus

151 467 235 497 non
283 459 461 507 videtur,
509 469 586 497 suo
632 459 745 496 enim
789 458 879 495 loco
921 458 1184 505 singularum
1218 459 1370 496 harum
1403 469 1545 496 rerum
1577 459 1620 496 in
1652 458 1890 496 Enchiridio

151 533 274 572 datae
308 535 408 572 sunt
438 533 636 571 rationes

210 608 371 646 Iterum
405 607 620 655 praefandi
651 606 780 645 finem
812 606 989 645 facturis
1023 608 1200 646 redeunt
1235 608 1277 645 in
1312 609 1562 646 memoriam
1598 617 1726 645 aurea
1760 607 1886 645 verba

152 683 304 730 quibus
346 682 562 720 Nauckius
594 679 613 719 ὁ
646 680 858 731 μακαρίτης
890 683 989 720 ante
1021 683 1103 720 tria
1134 683 1270 720 lustra
1302 693 1407 720 usus
1440 686 1506 720 est
1537 683 1578 720 in
1611 682 1755 720 Iliadis
1787 691 1890 719 suae

153 757 469 804 Prolegomenis
501 756 633 801 (Iliad.
666 757 773 803 part.
806 757 915 804 post.
948 766 1041 804 pag.
1070 759 1134 800 x):
1169 767 1274 804 „quo
1311 757 1407 804 plus
1434 757 1590 795 laboris
1616 757 1891 795 observandis

155 834 222 880 „et
268 831 530 869 vindicandis
577 830 793 869 Homerici
839 832 1050 869 sermonis
1091 831 1253 878 legibus
1294 832 1385 879 ipse
1426 831 1627 880 impendi,
1670 842 1718 870 eo
1751 831 1890 878 magis

157 907 324 955 „licebit
371 907 473 944 mihi
522 907 708 945 iuniores
754 906 989 954 philologos
1035 907 1263 946 admonere
1310 908 1358 945 ut
1400 907 1560 945 discere
1602 907 1728 944 antea
1759 905 1892 944 velint

159 991 313 1030 „quam
355 981 528 1019 edocere
559 981 666 1019 alios
698 983 944 1020 conentur.”
978 982 1095 1020 Haec
1127 982 1434 1029 sexagenarius
1467 982 1553 1019 fere
1585 981 1796 1020 scribebat
1826 981 1892 1019 vir

149 1057 469 1105 sagacissimus,
499 1057 571 1104 qui
598 1057 648 1095 de
666 1057 765 1095 crisi
782 1057 1011 1096 Homerica
1027 1058 1186 1105 optime
1203 1058 1373 1106 meruit,
1391 1067 1526 1104 usque
1544 1057 1596 1095 ad
1612 1057 1727 1094 vitae
1745 1057 1891 1094 autem

149 1132 278 1170 finem
312 1132 354 1169 in
382 1132 530 1170 eodem
552 1132 725 1170 tramite
753 1132 967 1171 indefessa
992 1133 1202 1171 industria
1228 1134 1427 1181 perrexit,
1456 1143 1568 1170 nunc
1594 1134 1732 1171 morte
1759 1141 1893 1179 nuper

149 1209 319 1255 ereptus
365 1207 534 1253 lugetur
579 1207 631 1244 ab
675 1207 873 1245 omnibus
920 1207 1072 1254 quibus
1113 1208 1246 1246 bonae
1288 1208 1456 1246 litterae
1494 1207 1607 1246 cordi
1648 1208 1761 1245 sunt.
1804 1206 1890 1245 Nos

147 1282 334 1320 discendi
379 1281 569 1320 laborem
614 1292 697 1320 non
740 1292 842 1320 sane
884 1283 1121 1330 refugimus
1153 1284 1196 1321 et
1227 1284 1278 1321 ad
1316 1282 1445 1321 finem
1483 1283 1733 1330 perductum
1767 1281 1889 1320 nobis

148 1357 326 1395 minime
373 1357 651 1404 arbitramur;
701 1359 745 1396 at
786 1357 898 1395 idem
942 1359 1190 1405 reputantes
1232 1359 1382 1405 longae
1420 1358 1501 1396 arti
1546 1357 1716 1405 penitus
1757 1356 1887 1404 perdi-

147 1432 327 1470 scendae
370 1432 543 1470 brevem
585 1433 718 1470 vitam
753 1443 805 1471 ne
837 1434 973 1471 totam
1007 1433 1178 1480 quidem
1211 1433 1418 1482 sufficere,
1452 1432 1711 1472 confidentes
1743 1433 1890 1470 autem

146 1507 232 1545 iam
264 1517 376 1545 nunc
409 1518 433 1544 a
470 1507 591 1545 nobis
618 1508 826 1555 praestari
852 1518 977 1555 posse
1005 1508 1114 1555 quod
1150 1509 1312 1556 patriae
1340 1510 1454 1547 certe
1478 1507 1692 1546 iuventuti
1717 1509 1888 1554 gratum

148 1583 191 1620 et
221 1581 325 1619 utile
356 1581 477 1629 foret,
511 1582 840 1629 aggrediendum
874 1583 1079 1621 duximus
1109 1594 1215 1631 opus
1242 1584 1351 1630 quod
1387 1583 1581 1631 proximo
1613 1584 1805 1629 tempore
1837 1583 1888 1620 ab

146 1651 496 1704 aliisphilologis
528 1658 776 1705 susceptum
807 1657 859 1695 iri
890 1658 1234 1705 desperabamus,
1273 1659 1322 1696 In
1354 1658 1489 1696 altera
1519 1659 1665 1695 autem
1698 1657 1777 1695 hac
1809 1657 1889 1696 edi-

145 1732 260 1770 tione
307 1731 456 1779 multa,
504 1742 611 1779 quae
653 1733 779 1770 antea
820 1732 1142 1781 scripseramus,
1187 1733 1467 1780 mutavimus,
1507 1732 1685 1790 meliora
1715 1732 1887 1770 interim

148 1807 306 1853 edocti;
349 1806 487 1844 multa
527 1807 753 1845 omisimus
794 1817 902 1854 quae
945 1808 1036 1845 sine
1079 1808 1234 1846 damno
1275 1807 1425 1845 abesse
1457 1817 1582 1854 posse
1614 1807 1887 1854 videbantur;

146 1881 268 1929 plura
295 1891 394 1919 vero
421 1881 674 1928 addidimus
703 1883 755 1920 ad
782 1882 1177 1929 interpretationem
1205 1882 1457 1929 praesertim
1485 1881 1734 1928 spectantia.
1759 1881 1887 1920 Grato

147 1957 293 1994 autem
324 1956 467 1994 animo
499 1957 566 1994 usi
597 1967 750 1994 sumus
782 1957 1149 1995 observationibus
1177 1957 1435 2005 criticorum,
1468 1958 1538 2004 qui
1575 1967 1700 1995 suam
1733 1957 1886 2004 opinio·

146 2041 245 2069 nem
279 2031 328 2068 de
360 2039 483 2078 opere
516 2033 660 2070 nostro
691 2032 971 2080 protulerunt,
1006 2042 1027 2070 e
1059 2032 1212 2078 quibus
1244 2032 1416 2070 honoris
1444 2034 1486 2069 et
1513 2032 1728 2070 amicitiae
1757 2041 1886 2070 causa

146 2106 401 2144 nominatim
444 2106 511 2144 hic
554 2106 727 2144 indicati
770 2107 897 2144 sunto
938 2106 1138 2154 philologi
1181 2108 1396 2145 nostrates
1427 2107 1566 2145 Naber
1597 2107 1639 2145 et
1671 2116 1753 2144 van
1785 2106 1885 2144 Her-

145 2181 327 2219 werden.
375 2180 484 2219 Fieri
525 2191 626 2219 sane
659 2191 710 2219 ne
741 2191 853 2219 nunc
885 2181 1056 2228 quidem
1088 2182 1244 2229 poterit
1279 2183 1327 2219 ut
1358 2182 1555 2220 omnibus
1586 2181 1752 2229 placeat
1782 2182 1886 2220 haec

146 2255 385 2293 carminum
428 2255 751 2294 Homericorum
795 2256 997 2304 recensio,
1042 2257 1175 2295 immo
1217 2257 1470 2303 quibusdam
1508 2257 1695 2303 graviter
1726 2257 1885 2304 vitupe-

145 2331 289 2378 randa,
332 2330 513 2368 fortasse
555 2331 684 2368 etiam
729 2341 827 2369 cum
869 2332 1116 2378 contemptu
1153 2331 1392 2378 seponenda
1424 2331 1655 2379 videbitur;
1691 2332 1882 2370 attamen

145 2405 396 2444 confidimus
428 2405 514 2444 fore
547 2405 700 2452 quibus
731 2416 814 2444 non
846 2406 1004 2444 frustra
1035 2417 1107 2454 per
1139 2407 1397 2455 octennium,
1428 2407 1538 2453 quod
1568 2408 1664 2454 post
1699 2407 1882 2454 primam

145 2480 371 2519 editionem
401 2481 644 2528 susceptam
674 2481 904 2529 praeteriit,
934 2481 977 2518 in
1004 2481 1271 2528 perpoliendo
1299 2491 1422 2529 opere
1447 2482 1606 2520 versati
1634 2491 1728 2520 esse
1748 2481 1880 2519 videa-

144 2564 263 2601 mur;
313 2565 482 2602 operam
526 2557 638 2594 certe
682 2556 878 2594 dedimus
913 2558 960 2593 ut
997 2556 1261 2594 emendatior
1291 2558 1334 2594 et
1365 2556 1508 2594 utilior
1540 2557 1724 2604 prodiret
1755 2556 1883 2594 editio

146 2629 343 2667 secunda.
374 2630 414 2667 Si
448 2640 530 2677 qua
558 2633 703 2669 autem
733 2631 838 2669 vitia
864 2641 946 2669 non
964 2631 1318 2678 deprehendimus
1336 2634 1410 2670 aut
1428 2631 1634 2678 corrigere
1652 2641 1734 2669 non
1750 2630 1881 2677 potui·

145 2713 257 2752 muS,
285 2704 335 2741 de
359 2705 424 2742 his
442 2707 634 2743 nostrum
654 2706 836 2744 facimus
854 2715 1025 2743 versum
1045 2715 1126 2752 quo
1144 2706 1378 2753 piscatores
1395 2707 1582 2745 Homero
1598 2705 1699 2744 olim
1717 2704 1881 2751 roganti

144 2788 248 2815 num
281 2778 386 2816 bene
417 2780 617 2818 cessisset
651 2782 826 2828 captura
857 2780 995 2818 iocose
1027 2780 1294 2827 respondisse
1328 2781 1521 2819 feruntur
1552 2780 1693 2828 (epigr.
1732 2780 1819 2821 16);

423 2849 500 2890 ὅσσ’
535 2852 668 2902 ἕλομεν
694 2851 943 2903 ’λιπόμεσθα,
975 2850 1034 2891 ὅσ’
1071 2853 1140 2903 οὐχ
1174 2852 1307 2903 {iopen
1339 2854 1578 2903 φερόμεσθα.

188 2973 351 3003 Dedimus
374 2973 530 3011 Lugduni
554 2974 625 3003 Bai.
651 2978 684 3004 ot
708 2975 947 3004 Amstolodami

407 3033 449 3054 m.
475 3026 561 3055 Maio
589 3027 671 3055 1895
