2055 3358
957 199 1022 227 ΧΠ

124 305 258 351 ignoti
308 310 421 356 sunt,
464 312 654 359 auctum,
696 313 924 358 cognatum
963 311 1093 358 igitur
1138 311 1377 358 fragmento
1421 310 1668 348 Dublinensi
1699 310 1748 348 de
1780 318 1860 355 quo

125 380 250 418 modo
297 382 476 431 egimus,
524 384 591 422 cui
637 385 767 423 etiam
816 385 1057 423 litterarum
1109 385 1286 423 ductum
1338 385 1527 423 similem
1577 394 1683 422 esse
1717 383 1861 421 Nicole

124 455 272 493 scribit
303 458 476 505 („petite
509 459 671 496 onciale
703 468 824 496 assez
857 459 1076 507 reguliere,
1105 460 1176 506 qui
1203 459 1436 498 ressemble
1465 460 1680 506 beaucoup
1707 468 1732 496 a
1758 457 1862 496 celle

125 528 180 567 du
227 529 440 578 fragment
486 532 536 570 de
584 532 792 577 Dublin”).
837 532 1013 580 Saepius
1052 535 1321 580 permutatae
1353 535 1455 571 sunt
1485 534 1653 571 litterae
1687 547 1711 581 η
1745 534 1788 570 et
1819 545 1864 577 ει,

124 603 211 642 iota
253 605 514 653 adscriptum
559 608 705 644 autem
747 607 911 653 passim
943 606 1074 646 deest.
1108 608 1221 645 Libri
1254 611 1293 644 A
1325 609 1460 646 exitui
1492 608 1764 645 subiunctum
1798 608 1864 645 est

125 680 343 725 sequentis
389 680 483 718 libri
529 681 699 718 initium
747 681 862 719 nullo
909 682 1046 729 spatio
1093 682 1159 720 vel
1205 683 1330 720 titulo
1378 683 1646 730 intermisso;
1696 682 1865 720 videtur

123 753 253 799 igitur
297 754 339 791 in
387 755 466 792 hac
507 755 688 793 editione
733 755 928 802 neglecta
965 766 1060 794 esse
1102 757 1391 795 Alexandrina
1422 757 1568 794 Iliadis
1599 757 1643 794 in
1675 757 1865 794 carmina

125 827 267 865 XXIV
298 828 449 866 divisio
485 830 522 877 ¹),
566 829 747 868 fortasse
779 831 926 868 autem
957 830 1217 878 descriptum
1251 833 1317 869 est
1348 831 1567 878 exemplar
1598 841 1652 869 ex
1683 831 1864 870 editione

125 911 232 948 quae
278 903 471 950 tempora
517 903 805 942 Alexandrina
846 905 1137 951 antecederet;
1172 906 1314 953 ipsum
1345 908 1492 944 tamen
1524 905 1865 952 manuscriptum

124 986 208 1014 non
239 977 331 1014 tam
362 978 580 1016 mirandae
612 989 706 1017 esse
738 979 970 1017 vetustatis
1001 979 1237 1018 luculenter
1270 981 1485 1018 testantur
1518 980 1622 1018 vitia
1653 979 1864 1026 orthogra-

123 1051 247 1098 phica
278 1061 385 1098 quae
423 1053 547 1091 modo
579 1054 874 1109 indicavimus.

183 1125 343 1173 Pagina
389 1129 574 1166 secunda
621 1131 697 1173 (vs.
747 1129 992 1173 810—834)
1039 1130 1204 1176 integra
1244 1129 1330 1167 sere
1373 1130 1516 1176 extat3
1555 1129 1718 1176 primae
1749 1128 1866 1166 solus

125 1203 320 1248 superest
360 1212 507 1249 margo
549 1203 710 1252 dexter,
752 1204 796 1241 in
828 1213 909 1250 quo
941 1204 1142 1251 leguntur
1175 1214 1378 1242 versuum
1411 1204 1554 1242 exitus
1587 1204 1746 1249 (decem
1779 1203 1865 1241 fere

124 1275 388 1322 singulorum
436 1277 641 1325 litterae);
689 1278 842 1317 tertiae
891 1289 1040 1316 versus
1086 1289 1164 1317 sex
1204 1279 1458 1317 interierunt
1498 1279 1590 1327 toti,
1625 1280 1863 1317 ceterorum

126 1349 312 1389 initiales
344 1353 512 1390 tantum
548 1353 715 1391 litterae
747 1354 848 1391 sunt
879 1354 1089 1392 servatae.

183 1541 298 1590 Quae
329 1544 548 1589 praeterea
575 1544 783 1583 hactenus
809 1546 976 1592 reperta
1002 1546 1104 1583 sunt
1132 1544 1399 1583 voluminum
1429 1554 1761 1592 papyraceorum
1790 1544 1867 1582 fra—

124 1618 300 1664 gmenta
341 1627 602 1664 quamquam
645 1619 824 1657 minime
866 1621 967 1657 sunt
1008 1620 1331 1668 contemnenda,
1373 1630 1456 1658 non
1495 1619 1682 1657 multum
1720 1620 1867 1657 tamen

125 1692 345 1730 conferunt
372 1693 424 1731 ad
451 1693 579 1731 verba
605 1695 754 1741 poetae
781 1695 940 1733 rectius
963 1695 1273 1743 constituenda,
1302 1704 1405 1732 nam
1432 1705 1529 1733 cum
1557 1695 1680 1732 textu
1699 1693 1867 1732 aliunde

125 1767 292 1813 cognito
325 1769 679 1814 quammaxime
712 1770 952 1808 concinunt.
1629 1769 1633 1773 ”

184 1841 247 1879 Ex
293 1842 359 1879 his
401 1844 540 1881 aetate
584 1845 626 1881 et
672 1844 877 1891 dignitate
919 1845 1084 1892 primus
1126 1846 1193 1883 est
1235 1854 1420 1892 papyrus
1462 1843 1575 1882 lacer
1616 1843 1750 1880 Musei
1781 1842 1866 1880 Bri-

125 1916 285 1954 tannici
318 1916 546 1963 CXXVIII,
590 1928 718 1964 quem
760 1919 930 1957 saeculo
962 1921 1060 1957 ante
1096 1918 1311 1957 Christum
1344 1912 1383 1956 Ι0
1417 1917 1688 1966 probabiliter
1719 1917 1867 1954 tribuit

126 1991 170 2028 F.
205 1990 250 2029 G.
284 1991 475 2039 Kenyon,
525 1992 718 2031 classica]
766 1994 882 2031 texts
929 1993 1038 2031 from
1079 1993 1228 2040 papyri
1269 1993 1312 2030 in
1354 1993 1426 2030 the
1468 1992 1620 2030 british
1657 1991 1866 2039 Museum,

130 2065 238 2103 1891
285 2069 396 2109 (cum
439 2067 648 2114 exemplis
690 2069 780 2105 arte
823 2067 1095 2114 phototypica
1137 2067 1379 2114 expressis).
1425 2066 1612 2105 Contulit
1653 2067 1718 2105 W.
1767 2066 1874 2105 Leaf

126 2140 301 2178 Journal
329 2141 374 2178 os
402 2141 621 2189 Philology
658 2142 766 2179 1892
795 2152 833 2189 p.
867 2143 917 2180 17
937 2151 1042 2190 sqq„
1075 2143 1216 2180 totum
1249 2141 1452 2189 excripsit
1483 2141 1663 2188 Kenyon
1694 2141 1868 2179 Journal

128 2215 173 2253 of
201 2215 420 2262 Philology
442 2216 551 2254 1893
572 2226 610 2263 p.
631 2217 874 2255 296-343.
910 2216 1014 2254 Cum
1046 2216 1210 2263 integer
1236 2218 1327 2254 erat
1353 2217 1518 2263 paginis
1545 2217 1599 2254 43
1628 2216 1870 2255 continebat

127 2289 375 2337 rhapsodias
413 2291 457 2327 Ψ
485 2291 528 2328 et
559 2290 766 2342 523-nunc
798 2291 975 2338 paginae
1008 2291 1247 2338 complures
1279 2291 1445 2337 desunt,
1490 2291 1670 2329 aliarum
1702 2291 1871 2329 nonnisi

128 2374 226 2411 pars
272 2365 414 2411 potest
457 2365 539 2412 legi
574 2366 613 2409 2).
663 2365 862 2412 Singulae
910 2365 1086 2412 paginae
1129 2367 1230 2402 sunt
1271 2375 1474 2403 versuum
1518 2367 1586 2414 40,
1635 2366 1869 2404 centesimo
1914 2383 1916 2385 ·

129 2439 279 2485 cuique
333 2439 475 2477 versui
531 2440 700 2487 signum
753 2439 972 2478 numerale
1027 2441 1092 2477 est
1144 2439 1326 2487 allitum,
1380 2441 1668 2488 paragraphus
1713 2441 1871 2479 indicat

132 2514 396 2560 loquentium
431 2515 558 2562 vices,
591 2515 837 2562 prosodiaca
868 2515 990 2561 signa
1022 2514 1159 2551 multa
1191 2515 1291 2551 sunt
1317 2515 1481 2553 adiecta
1512 2526 1536 2553 a
1563 2525 1691 2553 manu
1722 2515 1869 2562 altera,

130 2589 251 2635 signa
283 2577 475 2635 denique'
497 2590 771 2628 Aristarchea
802 2589 1089 2636 compluribus
1124 2589 1225 2625 locis
1268 2589 1546 2637 reperiuntur,
1578 2600 1730 2637 nempe
1762 2589 1871 2636 diple

177 2804 199 2841 ¹)
234 2807 324 2835 Libri
371 2809 397 2835 A
435 2808 533 2836 linem
578 2807 750 2836 librarium
799 2807 863 2835 alio
909 2806 980 2835 loco
1026 2807 1156 2840 fecisse,
1205 2808 1347 2836 sortasse
1389 2811 1467 2845 post
1510 2811 1548 2837 M
1589 2809 1641 2846 33,
1682 2810 1872 2846 suspicatur

132 2858 257 2887 Nicolo.

176 2907 200 2947 2’)
227 2908 353 2939 Desunt
387 2913 419 2939 Ψ
449 2912 583 2942 80-401.
610 2912 765 2943 (3:34.⁴·..‘37.
794 2914 824 2940 5.)
851 2912 962 2947 84-99‚
991 2911 1146 2944 2⁴4-247,
1173 2912 1328 2942 28:3-:3:3‹'·‚
1354 2913 1511 2949 :352-381,
1535 2913 1691 2945 388-400.
1716 2914 1872 2941 480-489.

133 2963 288 2994 521-535,
326 2962 481 2998 549-558,
517 2963 673 2996 590-595,
705 2964 860 2999 639-670,
896 2963 1050 2993 'Iao-736.
1084 2963 1239 2998 'zm-753,
1273 2964 1428 2999 Tuo-⁵04,
1453 2963 1636 2993 multorum
1661 2966 1772 2994 autem
1801 2973 1872 2993 ver—

133 3023 228 3042 anum
255 3022 382 3051 paucae
407 3017 532 3042 tantum
564 3015 693 3042 littora(-
719 3016 891 3051 apparent.
