2055 3358
927 183 1005 209 XXI

151 293 283 335 Vrat.
316 309 358 320 =
390 295 733 333 Vratislavenses
765 306 843 333 sex
875 297 983 343 apud
1018 296 1247 342 Heynium.

150 369 255 411 Vat.
290 388 331 399 =
363 371 609 409 Vaticanus.

150 445 287 486 Mose.
319 463 361 474 =
393 445 707 484 Moscovienses
741 446 851 493 apud
885 446 1114 493 Heynium.

149 519 180 561 Z
211 536 254 548 =
287 520 645 568 Stuttgardiensis
679 523 702 559 5
738 521 898 559 saeculi
931 519 1022 558 XVi
1058 523 1132 559 aut
1165 519 1276 559 XVIi
1312 521 1536 566 (LaRochii
1566 520 1624 569 S),
1673 522 1722 559 de
1760 532 1841 567 quo

91 595 174 634 vid.
206 596 363 643 proleg.
399 595 549 643 Odyss.
583 606 621 643 p.
655 606 715 633 XI.

146 670 495 709 Vindobonenses
539 667 577 712 G
626 671 723 718 (39),
774 669 815 710 H
866 671 993 718 (117),
1044 669 1079 711 L
1129 673 1206 718 (5);
1251 671 1300 709 de
1345 681 1525 718 quorum
1566 671 1719 709 ultimo
1760 671 1841 709 vid.

90 756 230 792 supra.

146 970 263 1008 Haec
294 971 381 1008 fere
409 971 702 1018 manuscripta
736 971 880 1009 critico
913 972 1058 1010 Iliadis
1091 972 1321 1010 editionem
1355 971 1577 1008 adornanti
1603 972 1840 1009 adhibenda

87 1048 199 1084 sunt.
249 1047 328 1084 Sed
373 1046 464 1084 fieri
506 1056 590 1084 non
632 1047 774 1093 potest
815 1047 916 1093 quin
960 1057 1034 1094 spe
1069 1048 1193 1085 cadat
1225 1047 1296 1093 qui
1334 1047 1532 1093 expectet
1563 1046 1651 1084 fore
1684 1048 1741 1087 ut,
1765 1049 1839 1083 aut

87 1121 203 1159 hisce
232 1123 306 1160 aut
334 1121 525 1169 pluribus
554 1121 621 1159 vel
652 1121 784 1159 etiam
813 1122 1011 1160 omnibus
1028 1132 1136 1169 quae
1154 1123 1305 1160 extant
1322 1122 1626 1168 manuscriptis
1645 1121 1840 1159 excussis

85 1197 371 1244 praestantior
401 1198 548 1234 textus
582 1206 712 1243 quam
744 1197 872 1243 vulgo
906 1197 1204 1235 circumfertur
1236 1198 1293 1234 sit
1326 1206 1547 1234 evasurus.
1576 1196 1754 1243 Propius
1786 1196 1838 1233 ad

86 1272 315 1310 veritatem
361 1272 535 1310 accedat
587 1272 799 1319 quispiam
849 1272 1077 1310 statuendo
1122 1272 1343 1319 exemplar
1389 1271 1616 1319 quodlibet,
1666 1270 1839 1308 etiamsi

86 1357 234 1385 recens
256 1347 313 1385 sit
329 1347 561 1385 admodum
580 1347 781 1393 vitiisque
800 1347 1032 1395 oppletum,
1052 1346 1247 1385 sufficere
1266 1347 1318 1384 ad
1336 1346 1676 1393 cognoscendum
1694 1346 1838 1383 Iliadis

87 1422 358 1469 Odysseaeve
391 1423 562 1460 textum
590 1422 810 1460 traditum.
842 1422 952 1460 Nam
982 1423 1018 1460 si
1046 1422 1314 1469 neglegimus
1344 1422 1448 1459 vitia
1474 1421 1701 1469 tralaticia,
1730 1430 1838 1466 quae

85 1508 212 1536 nemo
247 1508 329 1536 non
364 1499 560 1535 currente
594 1497 759 1535 calamo
796 1498 978 1544 corrigat
1011 1498 1048 1535 si
1092 1497 1160 1535 vel
1191 1497 1463 1535 mediocriter
1495 1496 1601 1534 artis
1633 1495 1837 1533 metricae

84 1573 363 1619 dictionisque
411 1572 553 1619 epicae
602 1572 659 1609 sit
706 1573 881 1620 peritus,
933 1573 976 1610 et
1017 1573 1282 1619 glossemata
1325 1573 1368 1609 in
1410 1572 1550 1609 locum
1593 1570 1836 1617 glossarum

83 1649 253 1694 recepta
285 1650 334 1692 (e.
362 1657 400 1694 g.
435 1647 668 1697 δεδιδάχθαι
695 1651 734 1684 Λ
764 1648 862 1696 831,
892 1647 1013 1701 διώκῃ
1046 1648 1078 1685 O
1108 1649 1206 1696 681,
1236 1647 1318 1685 vid.
1349 1647 1479 1685 etiam
1503 1646 1633 1684 schol.
1663 1647 1704 1682 X
1723 1646 1835 1692 430),
1860 1672 1865 1674 -

83 1721 242 1760 talibus
274 1723 445 1760 tantum
479 1722 583 1760 locis
612 1722 723 1760 inter
751 1733 796 1760 se
826 1723 1065 1770 discrepare
1093 1722 1232 1760 solent
1269 1722 1574 1769 manuscripta,
1608 1720 1679 1758 ubi
1712 1720 1838 1757 dictio

83 1796 312 1835 Homerica
359 1797 464 1835 duas
506 1798 703 1844 pluresve
747 1807 873 1836 voces
909 1798 961 1835 ad
993 1797 1185 1840 eandem,
1213 1807 1305 1835 rem
1336 1797 1608 1835 indicandam
1639 1795 1836 1843 praebet;

83 1871 279 1918 qualibus
322 1872 425 1910 locis
459 1883 511 1910 ne
544 1873 634 1920 ipse
667 1873 838 1919 quidem
884 1874 1021 1921 poeta,
1057 1873 1094 1910 si
1126 1872 1417 1920 revivisceret,
1451 1882 1530 1910 sua
1561 1871 1691 1909 verba
1722 1881 1837 1918 prae-

83 1947 198 1984 Sbal'e
225 1948 383 1994 posset.
416 1947 461 1986 E.
486 1958 524 1994 g.
559 1944 636 1993 ὀξέι
668 1947 849 1997 δουρί-
867 1945 981 1997 δουρὶ
1013 1944 1324 2000 φαεινῷ-ὀξέι
1355 1949 1480 2000 χαλκῷ
1514 1949 1549 1984 Δ
1567 1948 1651 1985 490
1680 1949 1718 1983 Λ
1737 1947 1836 1993 421,

84 2021 256 2071 μείλινον
278 2020 385 2073 ἔγχος
400 2045 453 2049 -
469 2019 634 2072 ὄβριμον
652 2020 760 2072 ἔγχος
777 2045 828 2049 -
843 2021 1004 2072 χάλκεον
1023 2020 1131 2073 ἔγχος
1155 2024 1190 2059 Γ
1203 2023 1300 2071 272,
1322 2023 1419 2071 259,
1444 2021 1568 2060 πόνον
1586 2021 1768 2059 ἀλίαστον
1782 2044 1835 2048 —-

83 2109 122 2133 π.
154 2094 371 2148 ἀμέγαρτον
400 2099 432 2134 Β
450 2097 548 2146 420,
582 2095 773 2148 κρατερὴν
807 2095 1013 2147 ...ἐνιπήν
1032 2120 1086 2124 -
1105 2096 1276 2148 χαλεπὴν
1309 2095 1402 2135 ...εἶ
1436 2099 1473 2134 Ε
1501 2099 1598 2146 492,
1628 2094 1836 2149 ὀρυμαγδῷ

88 2169 331 2225 -ἀλαλητῷ
363 2174 399 2209 Φ
418 2174 515 2221 256,
545 2170 586 2210 ἐν
611 2171 704 2226 αἰνῇ
732 2171 1046 2222 δηιοτῆτι-ἐνὶ
1073 2179 1238 2227 κρατερῇ
1255 2171 1400 2226 ὑσμίνη
1427 2174 1584 2222 Ν207,
1612 2160 1838 2221 κατάδῶμα

87 2244 216 2284 -ἒνὶ
252 2246 345 2301 οἴκῳ
387 2249 428 2284 Χ
459 2248 558 2296 478,
600 2247 946 2302 μεγαθύμῳθμου)
985 2247 1299 2297 Πηλείωνι(-νος)
1320 2270 1372 2274 -
1394 2246 1631 2297 Πηληιάδεω
1670 2249 1838 2297 Ἀχιλῆος

87 2323 120 2358 Ρ
147 2322 244 2370 214,
276 2322 422 2372 τεύχεσι
455 2322 655 2372 Πηλείδαο
689 2322 982 2373 κορυσσόμενον
1014 2322 1373 2373 θείοιο-τεύχεσι
1394 2322 1646 2372 λαμπόμενον
1663 2321 1838 2373 μεγαθύ-

87 2409 163 2445 μου
195 2395 422 2446 Πηλείωνος
456 2399 488 2433 Ρ
517 2398 612 2444 199,
646 2395 753 2448 παρὰ
784 2400 882 2435 θῖνα
915 2397 1118 2447 θαλάσσης
1152 2397 1234 2443 δῖος
1267 2398 1582 2447 Ἀχιλλεύς-π.
1615 2401 1655 2434 θ.
1691 2378 1839 2446 ποδάρ-

87 2484 158 2520 κης
200 2470 232 2508 δ.
266 2473 313 2508 Ἀ.
350 2473 384 2508 Τ
423 2473 492 2520 40,
531 2470 707 2521 ἀριστῆες
741 2474 984 2522 Παναχαιῶν
1004 2495 1056 2500 -—
1083 2471 1313 2521 ἐυκνήμιδες
1346 2472 1491 2522 Ἀχαιοί
1519 2474 1565 2509 H
1593 2474 1690 2521 385,
1723 2471 1839 2510 ἱππό-

87 2545 498 2595 μαχοι-ἱππόδαμοι
535 2548 573 2583 Κ
601 2548 700 2596 431,
732 2545 857 2598 γέρων
885 2546 1345 2598 ἵππηλάτα-γερήνιος
1377 2546 1522 2585 ἱππότα
1550 2549 1595 2584 Π
1622 2548 1717 2596 196,
1749 2543 1834 2597 παρ’

87 2620 240 2674 αἰδοίῃς
273 2618 631 2673 ἀλόχοισι-παρὰ
662 2629 834 2676 μνηστῇς
867 2621 902 2660 ἀ.
933 2625 964 2660 Ζ
993 2624 1090 2672 250,
1126 2621 1244 2672 δέμας
1282 2620 1347 2659 καὶ
1370 2617 1472 2668 εἶδος
1499 2620 1839 2673 ἀγητός-μέγας

23 2715 26 2717 ·
87 2694 152 2734 καὶ
179 2691 282 2741 εἶδος
308 2694 651 2747 ἀγητός--δέμας
684 2696 749 2735 καὶ
782 2695 933 2748 ἀτειρέα
966 2697 1108 2748 φωνήν
1141 2698 1182 2734 Ω
1216 2699 1314 2746 376,
1348 2696 1418 2747 τὴν
1453 2693 1489 2735 δ’
1526 2695 1839 2748 ἀπαμειβόμενος

86 2769 266 2822 προσέφη
314 2769 593 2822 νεφεληγερέτα
643 2772 742 2818 Ζεύς
777 2796 829 2800 —
863 2772 934 2822 τὴν
978 2769 1014 2811 δ’
1062 2766 1153 2810 αὖτε
1197 2770 1400 2823 προσέειπε
1441 2771 1568 2823 πατὴρ
1609 2771 1766 2823 ἀνδρῶν
1802 2787 1839 2810 τε

87 2849 195 2884 θεῶν
226 2862 264 2885 τε
292 2849 328 2884 Ε
360 2849 442 2888 764
471 2849 536 2893 (Cf.
567 2850 603 2885 Ε
632 2849 716 2887 814
744 2850 782 2886 Κ
812 2850 924 2899 168),
950 2845 1142 2899 Ὀλύμπια
1160 2844 1310 2897 ,δώματ’
1341 2846 1497 2898 ἔχουσαι
1516 2844 1840 2897 -Ὀλυμπιάδες

88 2922 339 2972 βαθύκολποι
373 2925 404 2961 Β
443 2925 541 2973 484,
585 2918 665 2975 ἦρχ’
711 2922 1133 2976 ἀγορεύειν-ἀντίον
1167 2921 1272 2973 ηὔδα
1314 2925 1360 2960 Η
1394 2925 1492 2973 347,
1525 2922 1617 2961 ἔπεα
1649 2920 1836 2974 πτερόεντ’

90 2993 251 3047 ἀγόρευε
270 3021 324 3025 —-
343 2997 370 3036 ἔ.
388 2998 598 3048 πτερόεντα
624 3000 832 3050 προσηύδα
854 3001 890 3037 Φ
911 3001 1004 3048 121,
1025 3001 1107 3037 427
1133 3001 1178 3036 Ψ
1192 2996 1450 3049 535,»ἀνώγει
1464 3021 1515 3025 -
1530 2998 1674 3036 κελεύει
1695 3000 1729 3035 Τ
1745 2999 1840 3047 102,
