2055 3358
934 185 1047 212 XXIII

115 300 260 335 autem
303 307 355 335 ne
397 297 647 336 dubitabant
689 298 860 344 quidem
904 298 1004 344 quin
1049 297 1128 335 fide
1173 297 1224 335 ab
1257 297 1373 335 omni
1405 299 1524 344 parte
1562 298 1687 344 digna
1720 301 1864 337 esseut

111 382 218 419 quae
250 373 400 420 primis
432 373 555 411 annis
586 373 844 411 didicissent.

172 447 361 486 Fuerunt
393 450 539 487 tamen
573 449 872 496 Alexandriae,
907 449 1080 486 fuerunt
1107 449 1282 497 Romae,
1311 449 1382 495 qui
1409 449 1504 487 aliis
1532 450 1665 488 oculis
1691 452 1865 490 vetusta

113 522 186 560 illa
219 523 410 561 carmina
443 524 710 571 adspicerent
742 533 878 570 neque
913 533 1038 561 caeca
1071 524 1344 562 veneratione
1376 524 1538 571 abrepti
1571 535 1745 564 sacrove
1774 527 1862 565 hor-

112 607 204 636 rore
250 600 473 646 stupentes
521 609 593 646 pro
639 599 816 637 sinceris
865 599 1061 645 verisque
1104 599 1310 637 haberent
1349 608 1457 645 quae
1489 602 1707 647 respueret
1738 603 1860 650 ratio,

110 673 185 710 sed
232 675 401 711 textum
449 674 656 712 traditum
704 674 841 711 sobrie
891 674 1192 711 examinantes
1241 674 1389 712 eadem
1439 675 1669 714 severitate
1715 677 1766 715 de
1813 688 1860 716 eo

111 747 314 786 iudicium
348 749 622 787 instituerent
654 759 737 795 qua
769 749 949 786 aliorum
979 752 1202 796 poetarum
1231 759 1356 796 opera
1382 752 1764 796 perscrutarentur.
1797 753 1862 791 Ita

108 824 211 862 nata
243 826 309 862 est
341 835 410 862 ars
442 825 738 873 grammatica,
779 826 881 863 nata
914 826 981 862 est
1013 835 1082 862 ars
1116 825 1274 863 critica.
1311 825 1392 863 Sed
1424 825 1551 862 huius
1584 826 1689 864 artis
1716 837 1766 865 ea
1793 830 1860 866 est

108 901 263 937 natura
304 902 352 938 ut
393 900 538 938 infesti
569 900 607 938 ei
635 901 722 937 sint
758 910 908 938 omnes
942 909 1048 946 quos
1083 901 1201 937 tenet
1233 899 1394 948 religio,
1430 901 1471 937 et
1504 901 1704 946 quoniam
1736 903 1859 949 pauci

106 983 276 1022 semper
324 975 440 1014 fuere
487 976 558 1022 qui
604 976 763 1022 ingenii
805 975 1003 1013 acumine
1047 974 1368 1023 praecellerent,
1411 976 1613 1022 permulti
1656 987 1756 1015 vero
1787 979 1859 1024 qui

107 1048 258 1087 alienis
303 1050 471 1097 placitis
519 1051 851 1098 acquiescerent,
901 1052 1026 1088 extra
1075 1050 1244 1088 scholas
1285 1059 1367 1087 non
1415 1050 1599 1088 multum
1634 1052 1860 1090 valuerunt

105 1125 351 1164 criticorum
400 1127 638 1166 conamina.
688 1127 851 1165 Textus
899 1126 1139 1164 carminum
1183 1125 1509 1163 Homericorum
1557 1126 1789 1165 identidem
1833 1138 1857 1166 a

109 1201 404 1245 grammaticis
439 1203 504 1240 est
535 1203 801 1250 repurgatus,
836 1202 909 1239 sed
943 1203 1065 1239 extra
1098 1201 1360 1248 exemplaria
1392 1202 1545 1247 quibus
1582 1202 1662 1249 ipsi
1694 1213 1855 1241 eorum-

105 1285 187 1322 que
231 1276 426 1324 discipuli
468 1276 698 1314 utebantur
741 1277 815 1314 vix
857 1276 1051 1314 manavit
1084 1286 1232 1314 eorum
1264 1276 1496 1323 sapientia;
1532 1277 1686 1323 vulgus
1716 1288 1853 1326 asper-

112 1350 296 1389 nabatur
328 1351 457 1389 libros
489 1352 585 1390 illos
618 1353 842 1400 correctos,
875 1352 1009 1389 immo
1047 1353 1280 1399 corruptos⁷
1314 1352 1362 1389 ut
1393 1351 1686 1400 loquebantur,
1718 1364 1854 1400 neque

117 1436 272 1474 „suum
314 1427 394 1465 sibi
427 1427 530 1474 eripi
566 1427 832 1465 Homerum”
866 1437 1043 1474 passum
1077 1428 1155 1465 est.
1188 1426 1425 1464 Aristarchi
1461 1437 1666 1474 magnum
1698 1439 1852 1467 nomen

111 1501 209 1548 quis
254 1512 337 1540 non
385 1502 514 1541 dixit!
551 1525 603 1529 —
638 1503 681 1540 et
726 1504 874 1540 tamen
922 1512 1006 1540 uno
1052 1503 1149 1550 post
1196 1502 1287 1539 eius
1334 1503 1516 1540 mortem
1561 1503 1730 1541 saeculo
1762 1506 1852 1542 tam

108 1577 279 1624 penitus
310 1578 352 1615 in
385 1578 641 1616 oblivionem
674 1578 897 1616 hominum
931 1577 1124 1615 abierant
1149 1587 1258 1624 quae
1289 1577 1341 1615 ad
1372 1578 1543 1615 textum
1576 1578 1851 1617 Homericum

106 1652 344 1690 contulerat
387 1653 715 1701 emendandum,
758 1654 806 1690 ut
849 1652 1083 1690 multorum
1127 1652 1317 1692 locorum
1348 1662 1401 1690 ne
1433 1654 1648 1691 constaret
1679 1654 1864 1700 quidem—

111 1727 236 1766 lectio
268 1727 556 1767 Aristarchea.
591 1728 852 1777 Quapropter
883 1728 1068 1774 Augusti
1100 1737 1205 1765 aevo
1237 1728 1398 1775 spissos
1429 1728 1558 1766 libros
1591 1728 1851 1776 scripserunt

105 1802 178 1840 alii
226 1804 499 1849 grammatici
546 1804 596 1842 de
642 1803 880 1842 Aristarchi
921 1803 1077 1840 studiis
1118 1803 1381 1850 Homericis;
1424 1803 1671 1851 spissiorem
1712 1804 1848 1842 multo

99 1878 247 1915 nostra
288 1880 429 1916 aetate
471 1879 641 1926 scripsit
684 1879 749 1916 vir
780 1878 1060 1916 acutissimus
1092 1880 1134 1916 et
1170 1878 1447 1916 doctissimus
1478 1878 1528 1916 de
1559 1878 1729 1925 Didymi
1762 1882 1846 1916 stu-

98 1953 180 1990 diis
222 1953 530 2001 Aristarcheis;
576 1955 618 1992 et
659 1955 755 2001 post
787 1954 906 1991 mille
945 1954 1127 1991 fortasse
1160 1963 1307 2000 annos,
1344 1976 1395 1980 -—
1431 1953 1467 1991 si
1499 1953 1735 1991 etiamtunc
1767 1954 1846 1991 Ho-

99 2038 246 2066 merus
278 2029 321 2066 et
350 2029 520 2067 litterae
553 2028 737 2067 Graecae
767 2029 1013 2067 hominibus
1045 2029 1159 2067 cordi
1190 2030 1327 2077 erunt,
1362 2051 1415 2055 —
1449 2029 1611 2076 ingenti
1641 2039 1765 2076 opere
1796 2030 1848 2067 ab

100 2104 264 2142 erudito
307 2104 448 2150 aliquo
492 2104 582 2142 viro
626 2104 962 2151 complectentur
1004 2114 1111 2150 quae
1144 2105 1245 2141 tunc
1282 2104 1488 2151 temporis
1520 2103 1618 2142 sciri
1649 2106 1865 2154 poterunt=

99 2179 151 2217 de
198 2179 363 2217 Lehrsii
401 2179 469 2217 vel
500 2179 734 2217 Ludwichii
775 2179 930 2217 studiis
966 2179 1200 2226 Didymeis.
1235 2179 1316 2217 Sed
1348 2179 1453 2216 nihil
1485 2179 1589 2217 haec
1620 2163 1764 2217 omnia
1795 2180 1846 2217 ad

98 2253 251 2300 vulgus
289 2254 525 2292 Homerum
573 2254 809 2301 legentium
855 2256 930 2292 aut
973 2254 1154 2292 antehac
1197 2254 1465 2292 attinuerunt
1493 2256 1568 2292 aut
1600 2254 1845 2292 etiamnunc

94 2329 291 2367 attinent.
1785 2382 1789 2385 .

154 2403 268 2451 Quae
299 2406 446 2442 autem
478 2403 666 2442 difficilia
698 2405 799 2442 sunt
830 2405 871 2442 in
906 2405 1167 2442 carminibus
1201 2404 1441 2442 Homericis
1467 2426 1518 2431 ——
1548 2406 1590 2442 et
1622 2405 1721 2441 sunt
1752 2413 1840 2451 per-

96 2478 234 2515 multa
278 2479 320 2516 in
362 2479 416 2516 iis
458 2478 710 2517 difficillima
743 2501 795 2506 —
829 2479 1223 2526 manuscriptorum
1256 2488 1334 2526 ope
1370 2479 1558 2526 expediri
1590 2480 1665 2516 aut
1687 2479 1840 2525 corrigi

95 2555 323 2599 nequeunt.
370 2553 515 2600 Neque
555 2555 748 2592 veterum
786 2554 1169 2601 grammaticorum
1206 2553 1525 2592 observationes
1550 2553 1709 2591 talibus
1735 2553 1841 2591 locis

96 2628 285 2665 multum
332 2628 533 2666 utilitatis
575 2628 771 2676 afferunt,
813 2628 914 2667 licet
955 2628 1169 2667 interioris
1211 2628 1290 2665 hae
1324 2628 1411 2665 sint
1441 2629 1566 2666 notae
1599 2637 1728 2674 quam
1761 2628 1837 2666 far-

94 2712 194 2750 rago
238 2703 454 2740 variarum
497 2702 728 2747 lectionum
766 2713 789 2741 e
833 2703 1048 2742 codicibus
1090 2713 1271 2741 corrasa.
1321 2703 1502 2741 Dictioni
1547 2703 1689 2750 epicae
1731 2714 1838 2750 quae

95 2779 332 2825 repugnant
374 2778 503 2816 verba
546 2777 826 2816 verborumve
869 2778 1042 2826 figurae,
1075 2778 1117 2816 in
1159 2779 1331 2815 vetusta
1371 2777 1445 2816 illa
1496 2779 1685 2816 carmina
1715 2778 1838 2826 longe

95 2854 336 2891 maximam
367 2854 535 2900 partem
565 2853 683 2900 prius
709 2853 970 2901 irrepserunt
1003 2853 1386 2900 quamconcrevit
1415 2854 1459 2891 et
1490 2853 1623 2892 veluti
1655 2854 1838 2901 obriguit

92 2928 240 2965 textus
280 2929 490 2976 receptus,
533 2938 661 2974 quem
703 2938 781 2966 nos
821 2938 934 2966 nunc
979 2928 1177 2966 manibus
1209 2929 1421 2977 tenemus,
1452 2929 1551 2967 ante
1583 2938 1661 2967 nos
1691 2930 1833 2967 tenue-

87 3004 186 3040 runt
229 3002 469 3040 Zenodotus
512 3002 826 3050 Aristophanes
868 3003 1148 3040 Aristarchus
1191 3002 1401 3049 Didymus
1442 3003 1596 3050 quique
1630 3004 1732 3041 sunt
1763 3003 1836 3041 alii
