<?xml version="1.0" encoding="UTF-8"?>
<!DOCTYPE html PUBLIC "-//W3C//DTD XHTML 1.0 Transitional//EN"
    "http://www.w3.org/TR/xhtml1/DTD/xhtml1-transitional.dtd">
<html xmlns="http://www.w3.org/1999/xhtml" xml:lang="en" lang="en">
 <head>
  <title>
</title>
<meta http-equiv="Content-Type" content="text/html;charset=utf-8" />
  <meta name='ocr-system' content='tesseract 3.04.00' />
  <meta name='ocr-capabilities' content='ocr_page ocr_carea ocr_par ocr_line ocrx_word'/>
</head>
<body>
  <div class='ocr_page' id='page_1' title='image "./iliadiscarminacu00homeuoft/iliadiscarminacu00homeuoft_0014.png"; bbox 0 0 2055 3358; ppageno 0'>
   <div class='ocr_carea' id='block_1_1' title="bbox 994 217 1072 245">
    <p class='ocr_par' dir='ltr' id='par_1_1' title="bbox 994 217 1072 245">
     <span class='ocr_line' id='line_1_1' title="bbox 994 217 1072 245; baseline 0 -1"><span class='ocrx_word' id='word_1_1' title='bbox 994 217 1072 245; x_wconf 90' lang='lat' dir='ltr'>VIII</span> 
     </span>
    </p>
   </div>
   <div class='ocr_carea' id='block_1_2' title="bbox 146 314 1900 2907">
    <p class='ocr_par' dir='ltr' id='par_1_2' title="bbox 163 314 1900 523">
     <span class='ocr_line' id='line_1_2' title="bbox 167 314 1900 373; baseline -0.003 -10"><span class='ocrx_word' id='word_1_2' title='bbox 167 321 281 373; x_wconf 84' lang='lat' dir='ltr'>Quae</span> <span class='ocrx_word' id='word_1_3' title='bbox 337 327 482 365; x_wconf 90' lang='lat' dir='ltr'>nostro</span> <span class='ocrx_word' id='word_1_4' title='bbox 538 329 674 366; x_wconf 89' lang='lat' dir='ltr'>marte</span> <span class='ocrx_word' id='word_1_5' title='bbox 730 328 996 366; x_wconf 80' lang='lat' dir='ltr'><strong>mutavimus</strong></span> <span class='ocrx_word' id='word_1_6' title='bbox 1028 314 1254 366; x_wconf 70' lang='lat' dir='ltr'>¹asterisco</span> <span class='ocrx_word' id='word_1_7' title='bbox 1301 325 1348 372; x_wconf 51' lang='grc' dir='ltr'>(ἢ</span> <span class='ocrx_word' id='word_1_8' title='bbox 1396 326 1708 373; x_wconf 82' lang='lat' dir='ltr'>insignivimus.</span> <span class='ocrx_word' id='word_1_9' title='bbox 1769 322 1900 360; x_wconf 85' lang='lat' dir='ltr'>Cruce</span> 
     </span>
     <span class='ocr_line' id='line_1_3' title="bbox 164 397 1900 446; baseline -0.003 -8"><span class='ocrx_word' id='word_1_10' title='bbox 164 403 310 439; x_wconf 86' lang='lat' dir='ltr'>autem</span> <span class='ocrx_word' id='word_1_11' title='bbox 369 403 418 446; x_wconf 83' lang='lat'>(†)</span> <span class='ocrx_word' id='word_1_12' title='bbox 473 402 756 440; x_wconf 82' lang='lat' dir='ltr'>indicavimus</span> <span class='ocrx_word' id='word_1_13' title='bbox 814 412 939 440; x_wconf 90' lang='lat' dir='ltr'>voces</span> <span class='ocrx_word' id='word_1_14' title='bbox 985 412 1068 440; x_wconf 90' lang='lat' dir='ltr'>uno</span> <span class='ocrx_word' id='word_1_15' title='bbox 1114 403 1284 440; x_wconf 90' lang='lat' dir='ltr'>tantum</span> <span class='ocrx_word' id='word_1_16' title='bbox 1335 403 1425 440; x_wconf 91' lang='lat' dir='ltr'>loco</span> <span class='ocrx_word' id='word_1_17' title='bbox 1480 400 1704 439; x_wconf 88' lang='lat' dir='ltr'>Homerico</span> <span class='ocrx_word' id='word_1_18' title='bbox 1753 397 1900 435; x_wconf 89' lang='lat' dir='ltr'>obvias</span> 
     </span>
     <span class='ocr_line' id='line_1_4' title="bbox 163 475 994 523; baseline 0.001 -10"><span class='ocrx_word' id='word_1_19' title='bbox 163 475 340 518; x_wconf 90' lang='lat' dir='ltr'>(ratione</span> <span class='ocrx_word' id='word_1_20' title='bbox 371 476 502 514; x_wconf 87' lang='lat' dir='ltr'>etiarn</span> <span class='ocrx_word' id='word_1_21' title='bbox 534 477 792 523; x_wconf 88' lang='lat' dir='ltr'>hymnorum</span> <span class='ocrx_word' id='word_1_22' title='bbox 823 476 994 521; x_wconf 87' lang='lat' dir='ltr'>habita).</span> 
     </span>
    </p>

    <p class='ocr_par' dir='ltr' id='par_1_3' title="bbox 159 546 1900 1051">
     <span class='ocr_line' id='line_1_5' title="bbox 220 546 1897 603; baseline -0.003 -16"><span class='ocrx_word' id='word_1_23' title='bbox 220 550 421 588; x_wconf 82' lang='lat' dir='ltr'>Zenodoti</span> <span class='ocrx_word' id='word_1_24' title='bbox 460 547 604 600; x_wconf 89' lang='lat' dir='ltr'>(Zen.)</span> <span class='ocrx_word' id='word_1_25' title='bbox 645 551 943 597; x_wconf 82' lang='lat' dir='ltr'>Aristophanis</span> <span class='ocrx_word' id='word_1_26' title='bbox 980 547 1262 603; x_wconf 84' lang='lat' dir='ltr'>(Aristoph.)</span> <span class='ocrx_word' id='word_1_27' title='bbox 1296 550 1530 588; x_wconf 81' lang='lat' dir='ltr'>Aristarchi</span> <span class='ocrx_word' id='word_1_28' title='bbox 1563 546 1681 599; x_wconf 75' lang='lat' dir='ltr'>(Ar.)</span> <span class='ocrx_word' id='word_1_29' title='bbox 1715 547 1897 585; x_wconf 89' lang='lat' dir='ltr'>aliorum</span> 
     </span>
     <span class='ocr_line' id='line_1_6' title="bbox 161 607 1895 673; baseline -0.003 -11"><span class='ocrx_word' id='word_1_30' title='bbox 161 625 356 662; x_wconf 90' lang='lat' dir='ltr'>veterum</span> <span class='ocrx_word' id='word_1_31' title='bbox 401 624 778 671; x_wconf 89' lang='lat' dir='ltr'>grammaticorum</span> <span class='ocrx_word' id='word_1_32' title='bbox 821 622 1023 673; x_wconf 76' lang='grc' dir='ltr'><em>ἀθετήσεις</em></span> <span class='ocrx_word' id='word_1_33' title='bbox 1049 607 1117 663; x_wconf 31' lang='lat' dir='ltr'>*ad</span> <span class='ocrx_word' id='word_1_34' title='bbox 1149 625 1400 672; x_wconf 88' lang='lat' dir='ltr'>paginarum</span> <span class='ocrx_word' id='word_1_35' title='bbox 1433 624 1595 662; x_wconf 84' lang='lat' dir='ltr'>calcem</span> <span class='ocrx_word' id='word_1_36' title='bbox 1627 622 1895 666; x_wconf 87' lang='lat' dir='ltr'>notavimus;</span> 
     </span>
     <span class='ocr_line' id='line_1_7' title="bbox 161 695 1898 746; baseline -0.002 -11"><span class='ocrx_word' id='word_1_37' title='bbox 161 708 244 744; x_wconf 87' lang='lat' dir='ltr'>qua</span> <span class='ocrx_word' id='word_1_38' title='bbox 268 699 311 735; x_wconf 89' lang='lat' dir='ltr'>in</span> <span class='ocrx_word' id='word_1_39' title='bbox 338 708 382 736; x_wconf 90' lang='lat' dir='ltr'>re</span> <span class='ocrx_word' id='word_1_40' title='bbox 401 698 587 736; x_wconf 90' lang='lat' dir='ltr'>multum</span> <span class='ocrx_word' id='word_1_41' title='bbox 614 699 734 736; x_wconf 90' lang='lat' dir='ltr'>nobis</span> <span class='ocrx_word' id='word_1_42' title='bbox 752 699 908 746; x_wconf 86' lang='lat' dir='ltr'>profuit</span> <span class='ocrx_word' id='word_1_43' title='bbox 923 699 1028 737; x_wconf 89' lang='lat' dir='ltr'>liber</span> <span class='ocrx_word' id='word_1_44' title='bbox 1045 700 1304 738; x_wconf 87' lang='lat' dir='ltr'>utilissimus</span> <span class='ocrx_word' id='word_1_45' title='bbox 1321 700 1370 737; x_wconf 90' lang='lat' dir='ltr'>A.</span> <span class='ocrx_word' id='word_1_46' title='bbox 1390 695 1898 742; x_wconf 84' lang='lat' dir='ltr'>Ludwichii(A1·istarchs</span> 
     </span>
     <span class='ocr_line' id='line_1_8' title="bbox 160 769 1900 821; baseline -0.002 -11"><span class='ocrx_word' id='word_1_47' title='bbox 160 772 437 810; x_wconf 90' lang='lat' dir='ltr'>Homerische</span> <span class='ocrx_word' id='word_1_48' title='bbox 471 772 710 810; x_wconf 83' lang='lat' dir='ltr'>Textkritik</span> <span class='ocrx_word' id='word_1_49' title='bbox 740 774 847 811; x_wconf 88' lang='lat' dir='ltr'>nach</span> <span class='ocrx_word' id='word_1_50' title='bbox 880 774 958 811; x_wconf 90' lang='lat' dir='ltr'>den</span> <span class='ocrx_word' id='word_1_51' title='bbox 992 774 1276 821; x_wconf 87' lang='lat' dir='ltr'>Fragmenten</span> <span class='ocrx_word' id='word_1_52' title='bbox 1310 775 1384 812; x_wconf 91' lang='lat' dir='ltr'>des</span> <span class='ocrx_word' id='word_1_53' title='bbox 1416 773 1619 819; x_wconf 85' lang='lat' dir='ltr'>Didymos</span> <span class='ocrx_word' id='word_1_54' title='bbox 1652 769 1900 817; x_wconf 88' lang='lat' dir='ltr'>dargestellt</span> 
     </span>
     <span class='ocr_line' id='line_1_9' title="bbox 159 844 1896 896; baseline -0.002 -12"><span class='ocrx_word' id='word_1_55' title='bbox 159 847 244 884; x_wconf 89' lang='lat' dir='ltr'>und</span> <span class='ocrx_word' id='word_1_56' title='bbox 286 846 526 894; x_wconf 80' lang='lat' dir='ltr'>beurtheilt‚</span> <span class='ocrx_word' id='word_1_57' title='bbox 570 847 739 894; x_wconf 86' lang='lat' dir='ltr'>Leipzig</span> <span class='ocrx_word' id='word_1_58' title='bbox 780 848 825 885; x_wconf 91' lang='grc' dir='ltr'>Β.</span> <span class='ocrx_word' id='word_1_59' title='bbox 870 847 916 886; x_wconf 87' lang='lat' dir='ltr'>G.</span> <span class='ocrx_word' id='word_1_60' title='bbox 960 848 1152 886; x_wconf 83' lang='lat' dir='ltr'>Teubner</span> <span class='ocrx_word' id='word_1_61' title='bbox 1192 849 1210 886; x_wconf 85' lang='grc' dir='ltr'>Ι</span> <span class='ocrx_word' id='word_1_62' title='bbox 1247 849 1370 896; x_wconf 72' lang='lat'>1884,</span> <span class='ocrx_word' id='word_1_63' title='bbox 1404 848 1443 885; x_wconf 91' lang='grc' dir='ltr'>Π</span> <span class='ocrx_word' id='word_1_64' title='bbox 1479 846 1617 893; x_wconf 77' lang='lat'>1885),</span> <span class='ocrx_word' id='word_1_65' title='bbox 1650 845 1777 883; x_wconf 88' lang='lat' dir='ltr'>fidem</span> <span class='ocrx_word' id='word_1_66' title='bbox 1810 844 1896 882; x_wconf 90' lang='lat' dir='ltr'>Ari-</span> 
     </span>
     <span class='ocr_line' id='line_1_10' title="bbox 159 919 1897 968; baseline -0.002 -10"><span class='ocrx_word' id='word_1_67' title='bbox 159 921 315 959; x_wconf 81' lang='lat' dir='ltr'>starchi</span> <span class='ocrx_word' id='word_1_68' title='bbox 349 922 445 968; x_wconf 87' lang='lat' dir='ltr'>post</span> <span class='ocrx_word' id='word_1_69' title='bbox 475 921 698 959; x_wconf 87' lang='lat' dir='ltr'>Lehrsium</span> <span class='ocrx_word' id='word_1_70' title='bbox 731 922 795 967; x_wconf 88' lang='lat' dir='ltr'>(de</span> <span class='ocrx_word' id='word_1_71' title='bbox 828 922 1065 961; x_wconf 85' lang='lat' dir='ltr'>Aristarchi</span> <span class='ocrx_word' id='word_1_72' title='bbox 1098 923 1252 960; x_wconf 90' lang='lat' dir='ltr'>studiis</span> <span class='ocrx_word' id='word_1_73' title='bbox 1284 922 1521 960; x_wconf 87' lang='lat' dir='ltr'>Homericis</span> <span class='ocrx_word' id='word_1_74' title='bbox 1567 920 1691 967; x_wconf 81' lang='lat'>1833,</span> <span class='ocrx_word' id='word_1_75' title='bbox 1725 919 1788 957; x_wconf 89' lang='lat' dir='ltr'>ed.</span> <span class='ocrx_word' id='word_1_76' title='bbox 1823 919 1897 956; x_wconf 90' lang='lat' dir='ltr'>alt.</span> 
     </span>
     <span class='ocr_line' id='line_1_11' title="bbox 159 995 1695 1051; baseline 0.002 -18"><span class='ocrx_word' id='word_1_77' title='bbox 159 995 325 1043; x_wconf 89' lang='lat' dir='ltr'>Lipsiae</span> <span class='ocrx_word' id='word_1_78' title='bbox 358 995 499 1034; x_wconf 91' lang='lat' dir='ltr'>Hirzel</span> <span class='ocrx_word' id='word_1_79' title='bbox 536 997 658 1040; x_wconf 76' lang='lat'>1865)</span> <span class='ocrx_word' id='word_1_80' title='bbox 693 996 908 1044; x_wconf 87' lang='lat' dir='ltr'>splendide</span> <span class='ocrx_word' id='word_1_81' title='bbox 942 997 1209 1035; x_wconf 86' lang='lat' dir='ltr'>vindicantis.</span> <span class='ocrx_word' id='word_1_82' title='bbox 1691 1048 1695 1051; x_wconf 14' lang='grc' dir='ltr'>ἡ</span> 
     </span>
    </p>

    <p class='ocr_par' dir='ltr' id='par_1_4' title="bbox 155 1069 1899 1940">
     <span class='ocr_line' id='line_1_12' title="bbox 218 1069 1897 1118; baseline -0.001 -11"><span class='ocrx_word' id='word_1_83' title='bbox 218 1070 350 1108; x_wconf 90' lang='lat' dir='ltr'>Locos</span> <span class='ocrx_word' id='word_1_84' title='bbox 394 1070 618 1117; x_wconf 88' lang='lat' dir='ltr'>parallelos</span> <span class='ocrx_word' id='word_1_85' title='bbox 665 1081 762 1108; x_wconf 91' lang='lat' dir='ltr'>cum</span> <span class='ocrx_word' id='word_1_86' title='bbox 804 1081 939 1117; x_wconf 86' lang='lat' dir='ltr'>neque</span> <span class='ocrx_word' id='word_1_87' title='bbox 982 1071 1073 1110; x_wconf 88' lang='lat' dir='ltr'>sine</span> <span class='ocrx_word' id='word_1_88' title='bbox 1114 1081 1268 1118; x_wconf 87' lang='lat' dir='ltr'>magno</span> <span class='ocrx_word' id='word_1_89' title='bbox 1310 1071 1565 1109; x_wconf 84' lang='lat' dir='ltr'>detrimento</span> <span class='ocrx_word' id='word_1_90' title='bbox 1599 1069 1740 1108; x_wconf 91' lang='lat' dir='ltr'>omitti</span> <span class='ocrx_word' id='word_1_91' title='bbox 1773 1078 1897 1116; x_wconf 87' lang='lat' dir='ltr'>posse</span> 
     </span>
     <span class='ocr_line' id='line_1_13' title="bbox 159 1143 1898 1192; baseline -0.001 -10"><span class='ocrx_word' id='word_1_92' title='bbox 159 1154 432 1183; x_wconf 87' lang='lat' dir='ltr'>censeremus</span> <span class='ocrx_word' id='word_1_93' title='bbox 472 1154 607 1191; x_wconf 88' lang='lat' dir='ltr'>neque</span> <span class='ocrx_word' id='word_1_94' title='bbox 648 1145 856 1183; x_wconf 89' lang='lat' dir='ltr'>lectorum</span> <span class='ocrx_word' id='word_1_95' title='bbox 901 1146 1122 1184; x_wconf 88' lang='lat' dir='ltr'>commodo</span> <span class='ocrx_word' id='word_1_96' title='bbox 1156 1146 1457 1192; x_wconf 83' lang='lat' dir='ltr'>(nummisque)</span> <span class='ocrx_word' id='word_1_97' title='bbox 1501 1145 1608 1182; x_wconf 89' lang='lat' dir='ltr'>satis</span> <span class='ocrx_word' id='word_1_98' title='bbox 1655 1143 1898 1182; x_wconf 87' lang='lat' dir='ltr'>consultum</span> 
     </span>
     <span class='ocr_line' id='line_1_14' title="bbox 156 1218 1898 1267; baseline -0.001 -11"><span class='ocrx_word' id='word_1_99' title='bbox 156 1219 245 1264; x_wconf 59' lang='lat' dir='ltr'>fore</span> <span class='ocrx_word' id='word_1_100' title='bbox 291 1219 328 1257; x_wconf 91' lang='lat' dir='ltr'>si</span> <span class='ocrx_word' id='word_1_101' title='bbox 374 1219 416 1256; x_wconf 91' lang='lat' dir='ltr'>in</span> <span class='ocrx_word' id='word_1_102' title='bbox 463 1219 714 1266; x_wconf 88' lang='lat' dir='ltr'>paginarum</span> <span class='ocrx_word' id='word_1_103' title='bbox 756 1220 870 1258; x_wconf 88' lang='lat' dir='ltr'>calce</span> <span class='ocrx_word' id='word_1_104' title='bbox 912 1220 979 1258; x_wconf 87' lang='lat' dir='ltr'>vel</span> <span class='ocrx_word' id='word_1_105' title='bbox 1021 1220 1062 1257; x_wconf 90' lang='lat' dir='ltr'>in</span> <span class='ocrx_word' id='word_1_106' title='bbox 1104 1219 1187 1258; x_wconf 89' lang='lat' dir='ltr'>fine</span> <span class='ocrx_word' id='word_1_107' title='bbox 1225 1221 1363 1267; x_wconf 91' lang='lat' dir='ltr'>operis</span> <span class='ocrx_word' id='word_1_108' title='bbox 1400 1220 1524 1266; x_wconf 87' lang='lat' dir='ltr'>longa</span> <span class='ocrx_word' id='word_1_109' title='bbox 1556 1219 1756 1265; x_wconf 88' lang='lat' dir='ltr'>aridaque</span> <span class='ocrx_word' id='word_1_110' title='bbox 1789 1218 1898 1256; x_wconf 86' lang='lat' dir='ltr'>serie</span> 
     </span>
     <span class='ocr_line' id='line_1_15' title="bbox 158 1292 1898 1342; baseline -0.001 -11"><span class='ocrx_word' id='word_1_111' title='bbox 158 1293 354 1341; x_wconf 85' lang='lat' dir='ltr'>deinceps</span> <span class='ocrx_word' id='word_1_112' title='bbox 385 1295 718 1342; x_wconf 87' lang='lat' dir='ltr'>recenserentur,</span> <span class='ocrx_word' id='word_1_113' title='bbox 752 1294 795 1331; x_wconf 91' lang='lat' dir='ltr'>in</span> <span class='ocrx_word' id='word_1_114' title='bbox 827 1295 1019 1342; x_wconf 85' lang='lat' dir='ltr'>margine</span> <span class='ocrx_word' id='word_1_115' title='bbox 1047 1295 1195 1333; x_wconf 85' lang='lat' dir='ltr'>dextro</span> <span class='ocrx_word' id='word_1_116' title='bbox 1220 1295 1528 1341; x_wconf 88' lang='lat' dir='ltr'>consignandos</span> <span class='ocrx_word' id='word_1_117' title='bbox 1556 1293 1815 1332; x_wconf 88' lang='lat' dir='ltr'>curavimus.</span> <span class='ocrx_word' id='word_1_118' title='bbox 1849 1292 1898 1330; x_wconf 90' lang='lat' dir='ltr'>In</span> 
     </span>
     <span class='ocr_line' id='line_1_16' title="bbox 158 1368 1896 1416; baseline -0.001 -10"><span class='ocrx_word' id='word_1_119' title='bbox 158 1378 240 1414; x_wconf 82' lang='lat' dir='ltr'>quo</span> <span class='ocrx_word' id='word_1_120' title='bbox 267 1378 390 1415; x_wconf 91' lang='lat' dir='ltr'>opere</span> <span class='ocrx_word' id='word_1_121' title='bbox 422 1368 613 1415; x_wconf 87' lang='lat' dir='ltr'>occupati</span> <span class='ocrx_word' id='word_1_122' title='bbox 645 1368 835 1406; x_wconf 86' lang='lat' dir='ltr'>taedium</span> <span class='ocrx_word' id='word_1_123' title='bbox 867 1369 1067 1407; x_wconf 90' lang='lat' dir='ltr'>devorare</span> <span class='ocrx_word' id='word_1_124' title='bbox 1112 1369 1184 1406; x_wconf 78' lang='lat' dir='ltr'>vix</span> <span class='ocrx_word' id='word_1_125' title='bbox 1216 1370 1258 1407; x_wconf 93' lang='lat' dir='ltr'>et</span> <span class='ocrx_word' id='word_1_126' title='bbox 1299 1379 1351 1407; x_wconf 88' lang='lat' dir='ltr'>ne</span> <span class='ocrx_word' id='word_1_127' title='bbox 1385 1369 1457 1406; x_wconf 82' lang='lat' dir='ltr'>vix</span> <span class='ocrx_word' id='word_1_128' title='bbox 1489 1369 1660 1415; x_wconf 83' lang='lat' dir='ltr'>quidem</span> <span class='ocrx_word' id='word_1_129' title='bbox 1692 1368 1896 1416; x_wconf 91' lang='lat' dir='ltr'>potuisse-</span> 
     </span>
     <span class='ocr_line' id='line_1_17' title="bbox 157 1441 1897 1490; baseline 0 -10"><span class='ocrx_word' id='word_1_130' title='bbox 157 1452 268 1490; x_wconf 90' lang='lat' dir='ltr'>mus,</span> <span class='ocrx_word' id='word_1_131' title='bbox 317 1442 399 1480; x_wconf 93' lang='lat' dir='ltr'>nisi</span> <span class='ocrx_word' id='word_1_132' title='bbox 446 1443 498 1480; x_wconf 89' lang='lat' dir='ltr'>ad</span> <span class='ocrx_word' id='word_1_133' title='bbox 538 1452 716 1480; x_wconf 89' lang='lat' dir='ltr'>manum</span> <span class='ocrx_word' id='word_1_134' title='bbox 758 1443 911 1481; x_wconf 85' lang='lat' dir='ltr'>fuisset</span> <span class='ocrx_word' id='word_1_135' title='bbox 953 1443 1058 1481; x_wconf 92' lang='lat' dir='ltr'>liber</span> <span class='ocrx_word' id='word_1_136' title='bbox 1090 1442 1226 1481; x_wconf 87' lang='lat' dir='ltr'>Caroli</span> <span class='ocrx_word' id='word_1_137' title='bbox 1263 1443 1445 1481; x_wconf 88' lang='lat' dir='ltr'>Eduardi</span> <span class='ocrx_word' id='word_1_138' title='bbox 1478 1443 1670 1482; x_wconf 83' lang='lat' dir='ltr'>Schmidt</span> <span class='ocrx_word' id='word_1_139' title='bbox 1702 1441 1897 1480; x_wconf 90' lang='lat' dir='ltr'>Parallel·</span> 
     </span>
     <span class='ocr_line' id='line_1_18' title="bbox 158 1516 1895 1565; baseline 0 -11"><span class='ocrx_word' id='word_1_140' title='bbox 158 1517 316 1555; x_wconf 91' lang='lat' dir='ltr'>Homer</span> <span class='ocrx_word' id='word_1_141' title='bbox 358 1516 624 1563; x_wconf 84' lang='lat' dir='ltr'>(Goettingen</span> <span class='ocrx_word' id='word_1_142' title='bbox 670 1517 808 1561; x_wconf 81' lang='lat'>1885).</span> <span class='ocrx_word' id='word_1_143' title='bbox 852 1518 1084 1565; x_wconf 87' lang='lat' dir='ltr'>Diligenter</span> <span class='ocrx_word' id='word_1_144' title='bbox 1126 1519 1272 1556; x_wconf 90' lang='lat' dir='ltr'>autem</span> <span class='ocrx_word' id='word_1_145' title='bbox 1314 1518 1591 1555; x_wconf 81' lang='lat' dir='ltr'>distinximus</span> <span class='ocrx_word' id='word_1_146' title='bbox 1624 1527 1775 1556; x_wconf 88' lang='lat' dir='ltr'>versus</span> <span class='ocrx_word' id='word_1_147' title='bbox 1809 1526 1895 1554; x_wconf 88' lang='lat' dir='ltr'>ver-</span> 
     </span>
     <span class='ocr_line' id='line_1_19' title="bbox 157 1589 1899 1643; baseline 0 -15"><span class='ocrx_word' id='word_1_148' title='bbox 157 1601 338 1629; x_wconf 89' lang='lat' dir='ltr'>suumve</span> <span class='ocrx_word' id='word_1_149' title='bbox 365 1592 508 1638; x_wconf 90' lang='lat' dir='ltr'>partes</span> <span class='ocrx_word' id='word_1_150' title='bbox 534 1591 778 1629; x_wconf 85' lang='lat' dir='ltr'>consimiles</span> <span class='ocrx_word' id='word_1_151' title='bbox 796 1589 892 1643; x_wconf 75' lang='lat' dir='ltr'>(z)</span> <span class='ocrx_word' id='word_1_152' title='bbox 919 1602 944 1630; x_wconf 92' lang='lat' dir='ltr'>a</span> <span class='ocrx_word' id='word_1_153' title='bbox 970 1592 1075 1630; x_wconf 91' lang='lat' dir='ltr'>locis</span> <span class='ocrx_word' id='word_1_154' title='bbox 1101 1592 1173 1639; x_wconf 88' lang='lat' dir='ltr'>qui</span> <span class='ocrx_word' id='word_1_155' title='bbox 1194 1592 1399 1630; x_wconf 91' lang='lat' dir='ltr'>vocabulo</span> <span class='ocrx_word' id='word_1_156' title='bbox 1417 1602 1500 1630; x_wconf 87' lang='lat' dir='ltr'>uno</span> <span class='ocrx_word' id='word_1_157' title='bbox 1516 1592 1761 1639; x_wconf 83' lang='lat' dir='ltr'>pluribusve</span> <span class='ocrx_word' id='word_1_158' title='bbox 1788 1591 1899 1628; x_wconf 89' lang='lat' dir='ltr'>inter</span> 
     </span>
     <span class='ocr_line' id='line_1_20' title="bbox 155 1650 1897 1716; baseline -0.001 -12"><span class='ocrx_word' id='word_1_159' title='bbox 155 1676 201 1704; x_wconf 93' lang='lat' dir='ltr'>se</span> <span class='ocrx_word' id='word_1_160' title='bbox 219 1650 419 1704; x_wconf 83' lang='lat' dir='ltr'>differunt</span> <span class='ocrx_word' id='word_1_161' title='bbox 436 1662 548 1716; x_wconf 84' lang='lat' dir='ltr'>(cf.).</span> <span class='ocrx_word' id='word_1_162' title='bbox 574 1665 784 1704; x_wconf 90' lang='lat' dir='ltr'>Nonnulla</span> <span class='ocrx_word' id='word_1_163' title='bbox 807 1676 914 1713; x_wconf 89' lang='lat' dir='ltr'>quae</span> <span class='ocrx_word' id='word_1_164' title='bbox 941 1666 1082 1704; x_wconf 88' lang='lat' dir='ltr'>afferri</span> <span class='ocrx_word' id='word_1_165' title='bbox 1099 1668 1296 1714; x_wconf 84' lang='lat' dir='ltr'>poterant</span> <span class='ocrx_word' id='word_1_166' title='bbox 1312 1667 1496 1705; x_wconf 86' lang='lat' dir='ltr'>scientes</span> <span class='ocrx_word' id='word_1_167' title='bbox 1513 1666 1897 1714; x_wconf 86' lang='lat' dir='ltr'>praetermisimus,</span> 
     </span>
     <span class='ocr_line' id='line_1_21' title="bbox 155 1740 1896 1789; baseline 0 -11"><span class='ocrx_word' id='word_1_168' title='bbox 155 1740 304 1778; x_wconf 88' lang='lat' dir='ltr'>inutile</span> <span class='ocrx_word' id='word_1_169' title='bbox 335 1741 481 1783; x_wconf 87' lang='lat' dir='ltr'>autem</span> <span class='ocrx_word' id='word_1_170' title='bbox 514 1741 734 1779; x_wconf 88' lang='lat' dir='ltr'>videbatur</span> <span class='ocrx_word' id='word_1_171' title='bbox 761 1741 993 1779; x_wconf 89' lang='lat' dir='ltr'>identidem</span> <span class='ocrx_word' id='word_1_172' title='bbox 1018 1741 1203 1780; x_wconf 88' lang='lat' dir='ltr'>indicare</span> <span class='ocrx_word' id='word_1_173' title='bbox 1230 1741 1464 1780; x_wconf 88' lang='lat' dir='ltr'>versiculos</span> <span class='ocrx_word' id='word_1_174' title='bbox 1489 1741 1652 1789; x_wconf 84' lang='lat' dir='ltr'>passim</span> <span class='ocrx_word' id='word_1_175' title='bbox 1679 1741 1896 1789; x_wconf 85' lang='lat' dir='ltr'>repetitos,</span> 
     </span>
     <span class='ocr_line' id='line_1_22' title="bbox 156 1815 1896 1863; baseline 0.001 -11"><span class='ocrx_word' id='word_1_176' title='bbox 156 1815 226 1861; x_wconf 87' lang='lat' dir='ltr'>qui</span> <span class='ocrx_word' id='word_1_177' title='bbox 267 1815 495 1853; x_wconf 89' lang='lat' dir='ltr'>lectoribus</span> <span class='ocrx_word' id='word_1_178' title='bbox 539 1815 606 1853; x_wconf 92' lang='lat' dir='ltr'>vel</span> <span class='ocrx_word' id='word_1_179' title='bbox 650 1825 783 1853; x_wconf 90' lang='lat' dir='ltr'>unum</span> <span class='ocrx_word' id='word_1_180' title='bbox 826 1815 939 1854; x_wconf 89' lang='lat' dir='ltr'>diem</span> <span class='ocrx_word' id='word_1_181' title='bbox 983 1816 1026 1854; x_wconf 89' lang='lat' dir='ltr'>in</span> <span class='ocrx_word' id='word_1_182' title='bbox 1067 1816 1252 1854; x_wconf 90' lang='lat' dir='ltr'>Homero</span> <span class='ocrx_word' id='word_1_183' title='bbox 1296 1816 1478 1854; x_wconf 91' lang='lat' dir='ltr'>versatis</span> <span class='ocrx_word' id='word_1_184' title='bbox 1518 1816 1652 1863; x_wconf 88' lang='lat' dir='ltr'>ignoti</span> <span class='ocrx_word' id='word_1_185' title='bbox 1693 1825 1788 1854; x_wconf 84' lang='lat' dir='ltr'>esse</span> <span class='ocrx_word' id='word_1_186' title='bbox 1829 1825 1896 1854; x_wconf 89' lang='lat' dir='ltr'>ne-</span> 
     </span>
     <span class='ocr_line' id='line_1_23' title="bbox 155 1885 1895 1940; baseline -0.001 -12"><span class='ocrx_word' id='word_1_187' title='bbox 155 1891 337 1936; x_wconf 82' lang='lat' dir='ltr'>queunt:</span> <span class='ocrx_word' id='word_1_188' title='bbox 365 1888 431 1927; x_wconf 80' lang='grc' dir='ltr'>τὸν</span> <span class='ocrx_word' id='word_1_189' title='bbox 459 1888 555 1938; x_wconf 81' lang='grc' dir='ltr'>(τὴν)</span> <span class='ocrx_word' id='word_1_190' title='bbox 586 1885 622 1927; x_wconf 79' lang='grc' dir='ltr'>δ’</span> <span class='ocrx_word' id='word_1_191' title='bbox 653 1887 965 1939; x_wconf 80' lang='grc' dir='ltr'><em>ἀπαμειβόμενος</em></span> <span class='ocrx_word' id='word_1_192' title='bbox 992 1888 1171 1940; x_wconf 77' lang='grc' dir='ltr'><em>προσέφη</em></span> <span class='ocrx_word' id='word_1_193' title='bbox 1201 1891 1268 1929; x_wconf 82' lang='lat' dir='ltr'>vel</span> <span class='ocrx_word' id='word_1_194' title='bbox 1295 1889 1362 1928; x_wconf 86' lang='grc' dir='ltr'>τὸν</span> <span class='ocrx_word' id='word_1_195' title='bbox 1389 1889 1487 1939; x_wconf 80' lang='grc' dir='ltr'>(τὴν)</span> <span class='ocrx_word' id='word_1_196' title='bbox 1515 1886 1552 1927; x_wconf 80' lang='grc' dir='ltr'>δ’</span> <span class='ocrx_word' id='word_1_197' title='bbox 1574 1886 1736 1940; x_wconf 72' lang='grc' dir='ltr'><em>ἠμείβετ’</em></span> <span class='ocrx_word' id='word_1_198' title='bbox 1756 1888 1895 1927; x_wconf 74' lang='grc' dir='ltr'><em>ἔπειτα.</em></span> 
     </span>
    </p>

    <p class='ocr_par' dir='ltr' id='par_1_5' title="bbox 146 1964 1894 2460">
     <span class='ocr_line' id='line_1_24' title="bbox 213 1964 1893 2013; baseline 0.001 -12"><span class='ocrx_word' id='word_1_199' title='bbox 213 1965 458 2002; x_wconf 89' lang='lat' dir='ltr'>Levioribus</span> <span class='ocrx_word' id='word_1_200' title='bbox 485 1965 739 2010; x_wconf 82' lang='lat' dir='ltr'>quibusdam</span> <span class='ocrx_word' id='word_1_201' title='bbox 768 1964 1117 2012; x_wconf 77' lang='lat' dir='ltr'>quaestiunculis‚</span> <span class='ocrx_word' id='word_1_202' title='bbox 1147 1965 1198 2002; x_wconf 87' lang='lat' dir='ltr'>ad</span> <span class='ocrx_word' id='word_1_203' title='bbox 1216 1965 1562 2012; x_wconf 87' lang='lat' dir='ltr'>orthographiam</span> <span class='ocrx_word' id='word_1_204' title='bbox 1588 1965 1893 2013; x_wconf 80' lang='lat' dir='ltr'>spectantibuS,</span> 
     </span>
     <span class='ocr_line' id='line_1_25' title="bbox 153 2038 1894 2087; baseline 0.001 -11"><span class='ocrx_word' id='word_1_205' title='bbox 153 2039 334 2077; x_wconf 88' lang='lat' dir='ltr'>lectores</span> <span class='ocrx_word' id='word_1_206' title='bbox 379 2039 583 2086; x_wconf 90' lang='lat' dir='ltr'>impedire</span> <span class='ocrx_word' id='word_1_207' title='bbox 630 2039 856 2077; x_wconf 89' lang='lat' dir='ltr'>noluimus.</span> <span class='ocrx_word' id='word_1_208' title='bbox 911 2038 1059 2086; x_wconf 80' lang='lat' dir='ltr'>Qualia</span> <span class='ocrx_word' id='word_1_209' title='bbox 1105 2041 1204 2076; x_wconf 91' lang='lat' dir='ltr'>sunt</span> <span class='ocrx_word' id='word_1_210' title='bbox 1250 2053 1269 2075; x_wconf 85' lang='lat' dir='ltr'><em>v</em></span> <span class='ocrx_word' id='word_1_211' title='bbox 1310 2039 1645 2087; x_wconf 88' lang='lat' dir='ltr'>ephelcysticum</span> <span class='ocrx_word' id='word_1_212' title='bbox 1683 2040 1894 2078; x_wconf 90' lang='lat' dir='ltr'>omissum</span> 
     </span>
     <span class='ocr_line' id='line_1_26' title="bbox 154 2113 1893 2162; baseline 0.001 -12"><span class='ocrx_word' id='word_1_213' title='bbox 154 2113 412 2161; x_wconf 85' lang='lat' dir='ltr'>additumve,</span> <span class='ocrx_word' id='word_1_214' title='bbox 470 2113 644 2160; x_wconf 86' lang='lat' dir='ltr'>spiritus</span> <span class='ocrx_word' id='word_1_215' title='bbox 701 2122 824 2160; x_wconf 87' lang='lat' dir='ltr'>asper</span> <span class='ocrx_word' id='word_1_216' title='bbox 880 2114 923 2151; x_wconf 88' lang='lat' dir='ltr'>et</span> <span class='ocrx_word' id='word_1_217' title='bbox 978 2113 1086 2151; x_wconf 88' lang='lat' dir='ltr'>lenis</span> <span class='ocrx_word' id='word_1_218' title='bbox 1142 2114 1388 2162; x_wconf 89' lang='lat' dir='ltr'>permutati,</span> <span class='ocrx_word' id='word_1_219' title='bbox 1435 2114 1674 2152; x_wconf 86' lang='lat' dir='ltr'>diaereseos</span> <span class='ocrx_word' id='word_1_220' title='bbox 1722 2115 1893 2161; x_wconf 89' lang='lat' dir='ltr'>signum</span> 
     </span>
     <span class='ocr_line' id='line_1_27' title="bbox 153 2187 1893 2236; baseline 0.001 -11"><span class='ocrx_word' id='word_1_221' title='bbox 153 2187 423 2235; x_wconf 87' lang='lat' dir='ltr'>diphthongis</span> <span class='ocrx_word' id='word_1_222' title='bbox 455 2200 497 2224; x_wconf 83' lang='grc' dir='ltr'>ευ</span> <span class='ocrx_word' id='word_1_223' title='bbox 530 2202 570 2223; x_wconf 85' lang='grc' dir='ltr'>αι</span> <span class='ocrx_word' id='word_1_224' title='bbox 603 2200 634 2224; x_wconf 86' lang='grc' dir='ltr'>ει</span> <span class='ocrx_word' id='word_1_225' title='bbox 667 2201 703 2224; x_wconf 91' lang='grc' dir='ltr'>οι</span> <span class='ocrx_word' id='word_1_226' title='bbox 736 2187 1070 2235; x_wconf 90' lang='lat' dir='ltr'>superadditum,</span> <span class='ocrx_word' id='word_1_227' title='bbox 1104 2187 1292 2226; x_wconf 90' lang='lat' dir='ltr'>elisionis</span> <span class='ocrx_word' id='word_1_228' title='bbox 1320 2188 1387 2226; x_wconf 92' lang='lat' dir='ltr'>vel</span> <span class='ocrx_word' id='word_1_229' title='bbox 1415 2189 1695 2236; x_wconf 88' lang='lat' dir='ltr'>aphaereseos</span> <span class='ocrx_word' id='word_1_230' title='bbox 1721 2189 1893 2236; x_wconf 89' lang='lat' dir='ltr'>signum</span> 
     </span>
     <span class='ocr_line' id='line_1_28' title="bbox 151 2261 1893 2310; baseline 0.002 -11"><span class='ocrx_word' id='word_1_231' title='bbox 151 2262 377 2309; x_wconf 86' lang='lat' dir='ltr'>adiectum,</span> <span class='ocrx_word' id='word_1_232' title='bbox 426 2261 644 2308; x_wconf 86' lang='lat' dir='ltr'>digamma</span> <span class='ocrx_word' id='word_1_233' title='bbox 691 2261 914 2310; x_wconf 88' lang='lat' dir='ltr'>insertum,</span> <span class='ocrx_word' id='word_1_234' title='bbox 960 2263 1161 2300; x_wconf 89' lang='lat' dir='ltr'>accentus</span> <span class='ocrx_word' id='word_1_235' title='bbox 1204 2263 1359 2300; x_wconf 87' lang='lat' dir='ltr'>mutati</span> <span class='ocrx_word' id='word_1_236' title='bbox 1385 2265 1425 2310; x_wconf 89' lang='lat'>¹),</span> <span class='ocrx_word' id='word_1_237' title='bbox 1468 2263 1535 2301; x_wconf 92' lang='lat' dir='ltr'>vel</span> <span class='ocrx_word' id='word_1_238' title='bbox 1579 2264 1711 2302; x_wconf 87' lang='lat' dir='ltr'>etiam</span> <span class='ocrx_word' id='word_1_239' title='bbox 1743 2262 1893 2302; x_wconf 54' lang='lat' dir='ltr'>§Meros</span> 
     </span>
     <span class='ocr_line' id='line_1_29' title="bbox 148 2334 1892 2388; baseline 0.001 -15"><span class='ocrx_word' id='word_1_240' title='bbox 148 2334 287 2373; x_wconf 67' lang='lat' dir='ltr'>cle&#39;dfmc</span> <span class='ocrx_word' id='word_1_241' title='bbox 334 2337 413 2374; x_wconf 87' lang='lat' dir='ltr'>etc.</span> <span class='ocrx_word' id='word_1_242' title='bbox 460 2336 617 2382; x_wconf 87' lang='lat' dir='ltr'>scripta</span> <span class='ocrx_word' id='word_1_243' title='bbox 662 2345 733 2382; x_wconf 90' lang='lat' dir='ltr'>pro</span> <span class='ocrx_word' id='word_1_244' title='bbox 777 2334 953 2380; x_wconf 79' lang='grc' dir='ltr'>ἐ’ὁ(ὂ)εισε</span> <span class='ocrx_word' id='word_1_245' title='bbox 998 2335 1135 2384; x_wconf 80' lang='grc' dir='ltr'><em>δείδια,</em></span> <span class='ocrx_word' id='word_1_246' title='bbox 1175 2336 1357 2387; x_wconf 70' lang='grc' dir='ltr'><em>γίγνομαι</em></span> <span class='ocrx_word' id='word_1_247' title='bbox 1388 2347 1461 2384; x_wconf 92' lang='lat' dir='ltr'>pro</span> <span class='ocrx_word' id='word_1_248' title='bbox 1492 2337 1709 2388; x_wconf 74' lang='grc' dir='ltr'>γ(ε)ίνομαι,</span> <span class='ocrx_word' id='word_1_249' title='bbox 1739 2336 1892 2385; x_wconf 73' lang='grc' dir='ltr'><em>ἐπάλξῑς</em></span> 
     </span>
     <span class='ocr_line' id='line_1_30' title="bbox 146 2406 1564 2460; baseline 0.003 -13"><span class='ocrx_word' id='word_1_250' title='bbox 146 2420 219 2458; x_wconf 85' lang='lat' dir='ltr'>pro</span> <span class='ocrx_word' id='word_1_251' title='bbox 251 2410 359 2457; x_wconf 75' lang='grc' dir='ltr'><em>-ξεις,</em></span> <span class='ocrx_word' id='word_1_252' title='bbox 391 2409 443 2455; x_wconf 81' lang='grc' dir='ltr'>εἰς</span> <span class='ocrx_word' id='word_1_253' title='bbox 477 2420 548 2458; x_wconf 89' lang='lat' dir='ltr'>pro</span> <span class='ocrx_word' id='word_1_254' title='bbox 583 2408 632 2456; x_wconf 66' lang='grc' dir='ltr'>ἐς,</span> <span class='ocrx_word' id='word_1_255' title='bbox 665 2408 788 2454; x_wconf 81' lang='grc' dir='ltr'>(οὐ)δέ</span> <span class='ocrx_word' id='word_1_256' title='bbox 820 2424 852 2447; x_wconf 85' lang='grc' dir='ltr'>τι</span> <span class='ocrx_word' id='word_1_257' title='bbox 883 2412 926 2448; x_wconf 92' lang='lat' dir='ltr'>et</span> <span class='ocrx_word' id='word_1_258' title='bbox 960 2406 1076 2454; x_wconf 83' lang='grc' dir='ltr'>(οὑ)ὃ’</span> <span class='ocrx_word' id='word_1_259' title='bbox 1113 2408 1165 2447; x_wconf 75' lang='grc' dir='ltr'>ἔτι</span> <span class='ocrx_word' id='word_1_260' title='bbox 1197 2412 1453 2460; x_wconf 88' lang='lat' dir='ltr'>permutata,</span> <span class='ocrx_word' id='word_1_261' title='bbox 1485 2414 1564 2451; x_wconf 89' lang='lat' dir='ltr'>etc.</span> 
     </span>
    </p>

    <p class='ocr_par' dir='ltr' id='par_1_6' title="bbox 153 2484 1892 2907">
     <span class='ocr_line' id='line_1_31' title="bbox 211 2484 1892 2535; baseline 0.004 -14"><span class='ocrx_word' id='word_1_262' title='bbox 211 2485 436 2523; x_wconf 82' lang='lat' dir='ltr'>Elisionem</span> <span class='ocrx_word' id='word_1_263' title='bbox 484 2487 526 2523; x_wconf 90' lang='lat' dir='ltr'>et</span> <span class='ocrx_word' id='word_1_264' title='bbox 572 2485 822 2532; x_wconf 86' lang='lat' dir='ltr'>aphaeresin</span> <span class='ocrx_word' id='word_1_265' title='bbox 871 2484 1010 2522; x_wconf 88' lang='lat' dir='ltr'>solitis</span> <span class='ocrx_word' id='word_1_266' title='bbox 1057 2485 1189 2531; x_wconf 89' lang='lat' dir='ltr'>signis</span> <span class='ocrx_word' id='word_1_267' title='bbox 1233 2486 1528 2535; x_wconf 86' lang='lat' dir='ltr'>indicavimus,</span> <span class='ocrx_word' id='word_1_268' title='bbox 1572 2498 1623 2526; x_wconf 90' lang='lat' dir='ltr'>ne</span> <span class='ocrx_word' id='word_1_269' title='bbox 1667 2488 1834 2535; x_wconf 87' lang='lat' dir='ltr'>longius</span> <span class='ocrx_word' id='word_1_270' title='bbox 1866 2498 1892 2527; x_wconf 90' lang='lat' dir='ltr'>a</span> 
     </span>
     <span class='ocr_line' id='line_1_32' title="bbox 153 2559 1891 2607; baseline 0.004 -12"><span class='ocrx_word' id='word_1_271' title='bbox 153 2559 454 2596; x_wconf 78' lang='lat' dir='ltr'>consuetudine</span> <span class='ocrx_word' id='word_1_272' title='bbox 503 2559 702 2597; x_wconf 89' lang='lat' dir='ltr'>hodierna</span> <span class='ocrx_word' id='word_1_273' title='bbox 745 2559 1072 2596; x_wconf 86' lang='lat' dir='ltr'>discederemus.</span> <span class='ocrx_word' id='word_1_274' title='bbox 1118 2559 1384 2607; x_wconf 81' lang='lat' dir='ltr'>Quamquam</span> <span class='ocrx_word' id='word_1_275' title='bbox 1424 2562 1720 2601; x_wconf 88' lang='lat' dir='ltr'>Aristarchum</span> <span class='ocrx_word' id='word_1_276' title='bbox 1757 2585 1808 2590; x_wconf 91' lang='lat'>—-</span> <span class='ocrx_word' id='word_1_277' title='bbox 1843 2565 1891 2601; x_wconf 92' lang='lat' dir='ltr'>ut</span> 
     </span>
     <span class='ocr_line' id='line_1_33' title="bbox 153 2633 1889 2686; baseline 0.005 -17"><span class='ocrx_word' id='word_1_278' title='bbox 153 2634 410 2678; x_wconf 71' lang='lat' dir='ltr'>antiquiores</span> <span class='ocrx_word' id='word_1_279' title='bbox 454 2634 680 2671; x_wconf 88' lang='lat' dir='ltr'>mittamus</span> <span class='ocrx_word' id='word_1_280' title='bbox 715 2655 766 2660; x_wconf 83' lang='lat'>—</span> <span class='ocrx_word' id='word_1_281' title='bbox 801 2634 841 2671; x_wconf 92' lang='lat' dir='ltr'>in</span> <span class='ocrx_word' id='word_1_282' title='bbox 885 2634 1006 2671; x_wconf 81' lang='lat' dir='ltr'>textu</span> <span class='ocrx_word' id='word_1_283' title='bbox 1042 2633 1266 2672; x_wconf 90' lang='lat' dir='ltr'>Homerico</span> <span class='ocrx_word' id='word_1_284' title='bbox 1303 2646 1351 2673; x_wconf 90' lang='lat' dir='ltr'>ea</span> <span class='ocrx_word' id='word_1_285' title='bbox 1384 2639 1496 2675; x_wconf 89' lang='lat' dir='ltr'>certe</span> <span class='ocrx_word' id='word_1_286' title='bbox 1533 2638 1747 2686; x_wconf 88' lang='lat' dir='ltr'>vocabula,</span> <span class='ocrx_word' id='word_1_287' title='bbox 1781 2648 1889 2684; x_wconf 85' lang='lat' dir='ltr'>quae</span> 
     </span>
     <span class='ocr_line' id='line_1_34' title="bbox 154 2707 1888 2760; baseline 0.004 -16"><span class='ocrx_word' id='word_1_288' title='bbox 154 2707 188 2744; x_wconf 87' lang='lat' dir='ltr'>si</span> <span class='ocrx_word' id='word_1_289' title='bbox 222 2707 395 2744; x_wconf 85' lang='lat' dir='ltr'>elisione</span> <span class='ocrx_word' id='word_1_290' title='bbox 438 2708 710 2745; x_wconf 87' lang='lat' dir='ltr'>decurtantur</span> <span class='ocrx_word' id='word_1_291' title='bbox 742 2707 983 2745; x_wconf 86' lang='lat' dir='ltr'>obscuriora</span> <span class='ocrx_word' id='word_1_292' title='bbox 1015 2707 1134 2755; x_wconf 85' lang='lat' dir='ltr'>fiunt,</span> <span class='ocrx_word' id='word_1_293' title='bbox 1169 2709 1291 2755; x_wconf 86' lang='lat' dir='ltr'>plena</span> <span class='ocrx_word' id='word_1_294' title='bbox 1324 2712 1366 2748; x_wconf 89' lang='lat' dir='ltr'>et</span> <span class='ocrx_word' id='word_1_295' title='bbox 1399 2711 1629 2750; x_wconf 88' lang='lat' dir='ltr'>immutata</span> <span class='ocrx_word' id='word_1_296' title='bbox 1666 2713 1888 2760; x_wconf 85' lang='lat' dir='ltr'>scripsisse</span> 
     </span>
     <span class='ocr_line' id='line_1_35' title="bbox 155 2778 1888 2835; baseline 0.005 -18"><span class='ocrx_word' id='word_1_297' title='bbox 155 2778 216 2817; x_wconf 72' lang='grc' dir='ltr'>ἐπὶ</span> <span class='ocrx_word' id='word_1_298' title='bbox 249 2779 289 2816; x_wconf 77' lang='grc' dir='ltr'>τὸ</span> <span class='ocrx_word' id='word_1_299' title='bbox 321 2781 623 2830; x_wconf 70' lang='grc' dir='ltr'><em>γνωριμώτερον,</em></span> <span class='ocrx_word' id='word_1_300' title='bbox 654 2781 817 2819; x_wconf 76' lang='lat' dir='ltr'>abunde</span> <span class='ocrx_word' id='word_1_301' title='bbox 852 2791 873 2819; x_wconf 83' lang='lat' dir='ltr'>e</span> <span class='ocrx_word' id='word_1_302' title='bbox 905 2781 1075 2819; x_wconf 70' lang='lat' dir='ltr'>disertis</span> <span class='ocrx_word' id='word_1_303' title='bbox 1105 2783 1363 2821; x_wconf 71' lang='lat' dir='ltr'>testimoniis</span> <span class='ocrx_word' id='word_1_304' title='bbox 1392 2788 1573 2835; x_wconf 70' lang='lat' dir='ltr'>constat,</span> <span class='ocrx_word' id='word_1_305' title='bbox 1603 2797 1738 2834; x_wconf 78' lang='lat' dir='ltr'>neque</span> <span class='ocrx_word' id='word_1_306' title='bbox 1763 2787 1888 2825; x_wconf 81' lang='lat' dir='ltr'>hUiUS</span> 
     </span>
     <span class='ocr_line' id='line_1_36' title="bbox 155 2855 1885 2907; baseline 0.005 -15"><span class='ocrx_word' id='word_1_307' title='bbox 155 2855 330 2892; x_wconf 83' lang='lat' dir='ltr'>rationis</span> <span class='ocrx_word' id='word_1_308' title='bbox 375 2855 571 2901; x_wconf 83' lang='lat' dir='ltr'>exempla</span> <span class='ocrx_word' id='word_1_309' title='bbox 613 2855 857 2893; x_wconf 84' lang='lat' dir='ltr'>etiamnunc</span> <span class='ocrx_word' id='word_1_310' title='bbox 899 2855 939 2892; x_wconf 91' lang='lat' dir='ltr'>in</span> <span class='ocrx_word' id='word_1_311' title='bbox 983 2858 1283 2904; x_wconf 82' lang='lat' dir='ltr'>manuscriptis</span> <span class='ocrx_word' id='word_1_312' title='bbox 1325 2860 1499 2907; x_wconf 87' lang='lat' dir='ltr'>desunt;</span> <span class='ocrx_word' id='word_1_313' title='bbox 1546 2861 1627 2899; x_wconf 92' lang='lat' dir='ltr'>vid.</span> <span class='ocrx_word' id='word_1_314' title='bbox 1678 2861 1885 2900; x_wconf 85' lang='lat' dir='ltr'>Enchirid.</span> 
     </span>
    </p>
   </div>
   <div class='ocr_carea' id='block_1_3' title="bbox 199 3018 1287 3061">
    <p class='ocr_par' dir='ltr' id='par_1_7' title="bbox 199 3018 1287 3061">
     <span class='ocr_line' id='line_1_37' title="bbox 199 3018 1287 3061; baseline 0.005 -12"><span class='ocrx_word' id='word_1_315' title='bbox 199 3018 224 3058; x_wconf 88' lang='grc'>1)</span> <span class='ocrx_word' id='word_1_316' title='bbox 248 3020 307 3050; x_wconf 75' lang='lat' dir='ltr'>Ex.</span> <span class='ocrx_word' id='word_1_317' title='bbox 331 3030 378 3058; x_wconf 75' lang='lat' dir='ltr'>gr.</span> <span class='ocrx_word' id='word_1_318' title='bbox 407 3020 472 3058; x_wconf 68' lang='grc' dir='ltr'>ἦμεν</span> <span class='ocrx_word' id='word_1_319' title='bbox 498 3020 565 3057; x_wconf 74' lang='grc' dir='ltr'><em>ι’·μιν</em></span> <span class='ocrx_word' id='word_1_320' title='bbox 589 3030 648 3059; x_wconf 76' lang='lat' dir='ltr'>pro</span> <span class='ocrx_word' id='word_1_321' title='bbox 675 3024 739 3058; x_wconf 63' lang='grc' dir='ltr'>ᾗμῐν</span> <span class='ocrx_word' id='word_1_322' title='bbox 764 3024 855 3058; x_wconf 60' lang='grc' dir='ltr'>(ἡμῖν,</span> <span class='ocrx_word' id='word_1_323' title='bbox 883 3023 960 3058; x_wconf 48' lang='grc' dir='ltr'>ζ’μιι)</span> <span class='ocrx_word' id='word_1_324' title='bbox 987 3025 1054 3059; x_wconf 71' lang='grc' dir='ltr'>ι’μῖν</span> <span class='ocrx_word' id='word_1_325' title='bbox 1081 3026 1172 3060; x_wconf 63' lang='grc' dir='ltr'>(ὑμῖν,</span> <span class='ocrx_word' id='word_1_326' title='bbox 1199 3026 1287 3061; x_wconf 45' lang='lat' dir='ltr'>stiur).</span> 
     </span>
    </p>
   </div>
  </div>
 </body>
</html>
