2055 3358
951 188 1047 216 XXII

132 295 352 347 δαϊζέμεναι
374 321 423 326 -—
442 299 726 349 κατακτάμεναι
763 302 799 337 Φ
827 302 894 347 33,
927 298 1190 350 τετελεσμένον
1222 297 1602 337 ἕσται-τελέεσθαι
1629 295 1696 336 ὀίω
1725 299 1762 335 Α
1785 298 1869 335 204

132 374 157 410 Ι
184 374 282 421 310,
316 375 394 412 etc.
430 375 508 412 etc.
530 397 582 401 -—
602 375 826 413 Praeterea
857 389 898 425 γε
929 389 966 413 τε
999 373 1054 425 δέ,
1085 373 1126 413 δέ
1151 389 1184 412 τι
1217 377 1260 414 et
1292 371 1326 412 δ’
1363 373 1428 423 ἔτι,
1457 387 1524 411 κεν
1556 375 1599 412 et
1629 371 1693 422 ἄν,
1722 371 1794 423 γάρ
1826 372 1871 410 et

130 460 214 497 περ,
246 446 287 493 ὅς
319 449 362 486 et
385 445 449 496 ὡς,
480 447 539 486 ὅτε
571 451 612 487 et
645 447 713 497 ὅτι,
746 448 807 487 τοί
836 450 878 487 et
911 448 960 498 οἴ,
986 459 1139 488 -σονται
1167 451 1210 488 et
1232 459 1407 498 -σωνται,
1430 458 1562 486 -σουσι
1588 449 1632 486 et
1658 457 1786 496 -σωσι,
1815 460 1867 483 -ει

130 523 172 560 et
212 537 270 575 -ῃ,
310 537 404 571 -ωμι
444 524 487 561 et
527 537 639 572 -οιμι,
670 537 748 572 -ειη
781 525 824 562 et
854 538 939 577 -ηῃ,
972 539 1080 574 -ηται
1113 526 1157 563 et
1192 538 1305 573 -οιτο,
1334 526 1469 561 -εσθαι
1500 525 1660 560 -σεσθαι
1690 524 1872 569 -σασθαι,

127 610 237 645 -εμεν
284 599 326 635 et
367 611 457 646 -ειν,
496 611 622 647 -τερος
654 599 697 636 et
737 611 881 647 -τατος,
922 613 1018 636 -οιιν
1047 600 1094 638 ‘et
1126 610 1260 647 -οισιν,
1289 596 1526 648 μαχέσσομαι
1563 599 1606 636 et
1636 596 1873 647 μαχήσομαι,

128 671 256 721 ἴμεναι
298 675 340 710 et
377 670 489 721 ἰέναι,
529 672 666 710 ἵκανον
710 674 753 711 et
793 672 936 723 ἵκοντο,
965 672 1102 723 ἔχευαν
1134 675 1177 713 et
1207 672 1353 724 ἕχευον,
1385 667 1457 710 εἷλε
1495 673 1538 710 et
1569 671 1667 725 ᾔρει,
1699 668 1868 722 ὀρούσας

129 749 172 786 et
213 743 379 796 ὀρούων,
418 745 565 797 ἐνάριζε
606 749 649 786 et
689 745 851 798 ἐνάριξε,
885 747 1003 798 εἴρετο
1041 750 1084 787 et
1115 746 1240 799 ἤρετο,
1271 746 1417 786 ἐκέλευε
1450 750 1493 786 et
1524 745 1710 795 ἐκέλευσε,
1740 743 1867 796 ἐλέησε

128 823 172 860 et
212 819 367 871 ἐλέαιρε,
407 819 528 867 ἔειπες
560 823 603 860 et
633 820 776 871 ἔειπας,
807 820 967 868 ἀίξαντα
1000 824 1042 862 et
1074 821 1271 872 ἀίσσοντα,
1310 821 1406 860 ἑλών
1444 824 1486 860 et
1518 820 1628 871 ἔχων,
1667 819 1786 871 ἔθηκε
1828 822 1874 859 eh

128 895 259 945 ἔδωκε,
313 894 429 947 τρέψε
474 898 516 935 et
561 895 713 947 στρέψε,
756 895 821 934 καὶ
867 900 971 935 κεῖθι
1011 899 1053 936 et
1094 896 1263 947 κάκεῖθι,
1305 897 1513 946 στήθεσσιν
1556 898 1599 935 et
1641 894 1875 945 στήθεσφιν,

128 973 280 1021 πτολεμ.
323 972 365 1010 et
404 974 550 1021 πολεμ.,
590 969 720 1018 ἀντίος
767 975 850 1018 (·οι)
894 974 937 1012 et
979 971 1126 1022 ἀντίον,
1160 971 1350 1018 ἀσπάσιος
1382 974 1426 1010 et
1457 970 1671 1020 ἀσπασίως,
1701 970 1799 1021 χειρί
1827 971 1871 1009 et
1900 975 1903 979 '

127 1045 244 1095 χερσί,
272 1051 405 1096 πρῶτα
436 1048 479 1085 et
510 1052 678 1096 πρῶτον,
708 1046 830 1093 οὕτως
852 1049 912 1107 ⁴et
938 1046 1078 1097 αὔτως,
1103 1046 1274 1099 ἀγήραος
1303 1050 1346 1086 et
1373 1046 1541 1097 ἀγήρως,
1568 1047 1651 1092 δῖος
1679 1048 1722 1085 et
1748 1048 1875 1095 θεῖος,

128 1119 370 1170 Πολυδάμας
402 1122 444 1159 et
476 1121 758 1171 Πουλυδάμας,
788 1121 829 1160 ἐν
861 1124 905 1161 et
936 1121 1005 1172 ἐνί,
1034 1123 1150 1173 προτί
1179 1125 1221 1162 et
1251 1122 1352 1171 ποτί,
1382 1122 1502 1167 πόνος
1534 1124 1577 1160 et
1614 1121 1738 1170 φόνος
1769 1121 1867 1159 alia-

127 1205 208 1242 que
236 1196 444 1234 eiusmodi
471 1196 514 1234 in
540 1197 845 1244 manuscriptis
872 1198 1034 1245 passim
1062 1198 1251 1245 variant3
1281 1199 1331 1236 de
1358 1197 1521 1236 duobus
1548 1198 1673 1236 modo
1698 1197 1868 1235 dualem

127 1271 251 1309 modo
293 1271 501 1318 pluralem
541 1282 768 1310 numerum
801 1273 1046 1311 invenimus
1078 1273 1329 1321 adhibitum,
1367 1273 1558 1311 subiecta
1589 1274 1726 1311 neutr.
1759 1272 1868 1320 plur.

126 1345 250 1383 modo
283 1345 543 1392 singularem
576 1347 700 1384 modo
728 1347 935 1394 pluralem
964 1348 1080 1386 verbi
1107 1348 1363 1396 adsciscunt,
1395 1349 1675 1394 augmentum
1703 1347 1744 1385 in
1772 1347 1871 1385 aliis

125 1421 430 1468 manuscriptis
471 1421 638 1458 additur
674 1421 715 1459 in
749 1422 845 1459 aliis
876 1422 1102 1461 omittitur.
1137 1422 1286 1471 Qualia
1317 1423 1462 1460 sedulo
1496 1433 1594 1461 cum
1631 1422 1871 1470 pulvisculo

127 1495 356 1533 corrasisse
404 1495 508 1532 nihil
554 1496 736 1544 prodest,
784 1506 885 1534 nam
930 1497 1109 1544 singulis
1149 1497 1254 1535 locis
1295 1497 1393 1544 quid
1436 1498 1493 1535 sit
1525 1497 1752 1544 legendum
1784 1506 1868 1535 non

127 1570 290 1608 codices
331 1570 765 1616 grammaticorumve
807 1572 980 1609 notulae
1021 1572 1170 1610 docere
1213 1582 1290 1610 nos
1330 1573 1522 1619 possunt,
1565 1573 1639 1610 sed
1671 1572 1871 1610 dictionis

125 1645 269 1692 epicae·
297 1645 412 1691 leges
444 1655 497 1683 ex
525 1645 615 1692 ipso
643 1645 829 1693 Homero
858 1647 1063 1695 cognitae,
1093 1649 1135 1685 et
1162 1648 1198 1685 si
1226 1658 1309 1694 qua
1335 1658 1402 1685 res
1436 1648 1589 1685 harum
1617 1658 1692 1696 ope
1708 1647 1867 1695 liquide

123 1719 405 1757 demonstrari
433 1721 591 1768 nequit,
621 1731 673 1758 ne
700 1722 992 1768 manuscripta.
1018 1722 1192 1768 quidem
1219 1723 1270 1760 ad
1304 1732 1401 1760 eam
1429 1722 1731 1761 conficiendam
1759 1722 1870 1761 satis

123 1794 266 1833 valent
299 1795 372 1832 sed
406 1782 619 1833 inmedio
652 1797 718 1833 est
750 1796 1037 1843 relinquenda.

182 1869 350 1907 Scilicet
387 1871 577 1908 carmina
619 1871 858 1919 Homerica,
905 1882 1002 1909 cum
1045 1872 1244 1919 primitus
1276 1873 1319 1910 in
1352 1882 1421 1911 ore
1455 1874 1677 1911 cantorum
1709 1883 1866 1920 magna

122 1953 220 1980 cum
267 1943 462 1982 libertate
505 1948 650 1983 essent
691 1947 889 1993 tractata,
923 1948 1070 1993 postea
1105 1946 1302 1993 religiosa
1339 1947 1611 1985 veneratione
1644 1947 1759 1985 culta
1789 1958 1864 1995 per

122 2017 295 2063 longum
323 2019 528 2065 temporis
556 2019 831 2057 intervallum
858 2020 1028 2067 perinde
1057 2022 1183 2067 atque
1213 2021 1394 2059 aliarum
1421 2022 1614 2068 gentium
1641 2022 1736 2060 libri
1753 2023 1864 2061 sacri

122 2103 146 2130 a
175 2093 368 2130 mutandi
395 2093 565 2131 libidine
593 2095 688 2131 tuta
715 2093 898 2141 fuerunt,
928 2095 988 2131 ita
1015 2096 1062 2132 ut
1082 2095 1147 2133 vel
1175 2097 1471 2134 transversum
1498 2097 1677 2143 digitum
1697 2107 1721 2136 a
1738 2098 1861 2136 tradi-

121 2167 177 2204 tis
206 2166 361 2204 litteris
390 2167 603 2206 discedere
620 2168 740 2206 nefas
759 2169 1007 2216 haberetur;
1038 2170 1077 2207 id
1095 2171 1205 2216 quod
1232 2170 1387 2208 melius
1410 2172 1451 2208 in
1480 2172 1569 2209 dies
1596 2173 1865 2222 perspicitur,

122 2241 223 2279 dum
256 2251 308 2279 ex
341 2242 523 2290 Aegypti
555 2244 758 2290 sepulcris
792 2244 832 2281 in
861 2244 1000 2282 lucem
1028 2246 1331 2292 protrahuntur
1360 2246 1589 2293 volumina,
1618 2257 1725 2294 quae
1753 2248 1865 2287 circa

123 2315 277 2353 Christi
327 2317 492 2355 natales
541 2320 641 2355 sunt
684 2319 853 2365 scripta.
902 2318 1077 2357 Constat
1125 2330 1236 2357 nunc
1281 2321 1451 2358 eosdem
1495 2332 1670 2371 errores,
1715 2323 1862 2361 eadem

121 2391 226 2428 vitia
267 2391 455 2439 ridicula,
499 2393 650 2438 quibus
684 2393 939 2431 recentiores
976 2395 1140 2432 codices
1174 2396 1380 2441 inquinati
1414 2398 1526 2444 sunt,
1562 2398 1746 2436 vetustis
1778 2398 1864 2436 illis
1895 2377 1904 2387 ο

122 2465 437 2512 exemplaribus
483 2467 714 2506 inhaerere.
756 2468 941 2517 Textum
985 2472 1199 2516 receptum
1246 2471 1281 2507 si
1323 2471 1417 2517 quis
1450 2482 1700 2518 cognoscere
1733 2474 1863 2521 cupit,

121 2539 222 2576 nibil
266 2540 444 2578 interest
485 2542 629 2579 utrum
667 2542 943 2580 Harleianum
985 2544 1171 2581 codicem
1206 2545 1330 2583 adeat
1361 2547 1530 2584 saeculo
1564 2547 1681 2585 XlV‘
1717 2558 1860 2586 exara-

121 2614 227 2660 tum,
271 2624 322 2651 an
366 2614 658 2653 Genevensem
700 2617 858 2655 saeculi
903 2617 1031 2666 Xffli,
1066 2629 1118 2656 an
1153 2619 1460 2658 Laurentianos
1494 2623 1653 2660 saeculi
1685 2622 1773 2671 XF,
1806 2632 1860 2660 an

122 2697 326 2734 papyrum
377 2689 671 2727 Harrisianum
717 2691 786 2737 qui
831 2691 985 2729 Christi
1028 2694 1215 2731 aetatem
1258 2697 1482 2734 antecedit.
1518 2697 1552 2734 A
1586 2698 1727 2745 pueris
1761 2707 1859 2735 cum

119 2762 250 2799 Iliade
297 2766 339 2800 et
380 2764 568 2810 Odys-sca
611 2767 945 2804 consuescebant
988 2767 1154 2815 Graeci3
1199 2769 1389 2815 singulos
1428 2782 1576 2809 versus
1609 2772 1861 2819 singulaque

121 2837 224 2874 adeo
258 2838 383 2875 verba
417 2842 457 2875 et
490 2850 616 2877 sonos
651 2851 796 2879 recens
828 2842 963 2880 adhuc
997 2843 1039 2880 et
1077 2845 1223 2881 tenera
1256 2845 1484 2892 recipiebat
1516 2847 1736 2894 memoria,
1769 2851 1860 2893 tam

122 2911 217 2956 falsi
251 2913 450 2958 pravique
485 2922 611 2951 tenax
642 2925 768 2961 quam
806 2917 949 2966 pervia
983 2927 1080 2967 vero
1115 2929 1304 2965 quaeque
1340 2921 1482 2959 minus
1514 2922 1860 2969 intellegerentur

120 2989 316 3024 accurate
345 2987 481 3033 magis·
516 2989 715 3036 retinens,
747 2991 804 3028 ita
834 2996 880 3029 ut
909 2992 1024 3030 nulla
1052 2993 1146 3031 inde
1175 2994 1358 3033 avellere
1386 2997 1531 3042 posset
1552 2999 1692 3042 aetas;
1726 2997 1861 3035 adulti
