2077 3358
187 190 272 230 280

333 337 379 385 τῇ
411 327 450 369 δ’
487 329 549 370 ἐπὶ
579 329 650 382 μὲν
681 330 817 384 Γοργὼ
848 333 1095 383 βλοσυρῶπις
1125 330 1366 383 ἐστεφάνωτο

334 404 496 445 δᾶῑεινὸν
528 404 754 458 δερκομένη,
783 404 872 457 περὶ
903 403 945 444 δὲ
977 406 1149 458 Δυῑεῖμός
1178 421 1217 446 τε
1251 407 1382 459 Φόβος
1412 421 1462 446 τε.

333 486 400 531 τῆς
433 477 468 520 δ’
499 480 544 528 ἶέξ
574 479 762 533 ἀργύρεος
791 475 1057 540 τελαμὼν-ἦν·
1088 481 1211 535 αὐτὰρ
1243 479 1299 522 ἐπ’
1334 482 1458 522 αὐτοῦ

903 214 956 219 —
991 194 1032 229 A
1064 195 1138 238 (XI)
1170 215 1227 219 ——

1537 199 1777 238 [Ἀγαμέμνονος
1799 201 1943 241 ἀριστεία

1605 339 1645 368 36
1670 347 1720 377 sq.
1751 339 1794 370 cf.
1818 342 1846 369 E
1869 340 1937 370 739

1607 415 1667 444 37·
1690 415 1733 445 cf.
1758 418 1790 445 Γ
1809 417 1872 445 342

1608 458 1667 489 37b
1691 459 1734 489 of.
1762 464 1786 489 Ο
1811 461 1874 490 119

333 555 499 602 κυάνεος
524 552 744 594 ’.Ρεᾶ-’έλικτο
777 554 946 607 δράκων,
974 555 1143 606 κεφαλαὶ
1173 555 1216 596 δέ
1245 558 1314 596 fot.
1344 551 1447 607 ἦσαν

244 637 287 669 40
332 633 431 681 τρεῖς
461 628 757 681 ἀμφιστρεφέες,
787 628 875 677 ἑνὸς
905 629 1068 682 αὐχένος
1098 630 1344 682 ἐκπεφυυῖαι.

332 703 442 755 κρατὶ
473 701 512 743 δ’
548 700 603 743 ἐπ’
636 703 870 755 ἀμφίφαλον
899 704 1046 757 κυνέην
1072 703 1180 746 ’θέτο
1210 707 1501 759 τετραφάληρον

333 779 532 831 ἵππουριν·
565 779 726 819 δίῑεινὸν
757 778 800 819 δὲ
829 780 952 831 λόφος
981 782 1240 834 καθύπερθεν
1270 781 1388 821 ἔνευε.

332 853 449 892 εἵλετο
483 851 519 892 δ’
555 852 698 905 ἄλκιμα
731 855 856 907 δοῦρα
887 856 983 906 δύω,
1011 855 1286 908 κεκορυθμένα
1320 859 1462 911 χαλκῷ,

334 927 433 976 ὀξέα·
464 932 552 980 τῆλε
584 927 626 968 δὲ
655 929 794 980 χαλκὸς
825 926 888 968 ἀπ’
923 930 1092 981 αὐτόφιν
1123 930 1297 983 οὐρανὸν
1329 931 1417 970 εἴσω

1607 721 1646 750 41
1662 723 1745 751 =E
1763 721 1825 752 ‘143
1847 721 1889 750 cf.
1907 723 1945 751 Γ

245 1013 287 1042 45
330 1001 474 1055 ’λάμπ’·
508 1003 571 1044 ε’πὶ
603 1002 638 1043 δ’
676 1004 927 1057 ἐγδούπησαν
959 1006 1151 1057 Ἀθηναίη
1188 1021 1226 1045 τε
1257 1004 1324 1045 καὶ
1343 1004 1463 1058 ““Ήρη,

332 1081 485 1120 τίουσαι
516 1082 685 1133 βασιλῆα
715 1083 977 1134 πολυχρύσοιο
1010 1083 1224 1134 Μυκήνης.

391 1153 536 1212 ἡνιόχῳ
570 1154 640 1207 μὲν
671 1155 801 1195 ἔπειτα
830 1155 910 1212 ἒλῖῷ
942 1156 1111 1196 ἐπέτελλε
1139 1156 1329 1204 ,Ρέκαστος

1871 766 1939 796 336

1607 811 1648 840 42
1662 825 1705 838 =
1718 812 1750 840 Γ
1768 810 1831 840 337

1610 871 1743 910 43=2
1764 869 1826 900 125
1845 869 1887 899 cf.
1907 871 1945 899 Γ

1794 915 1846 953 18,
1872 914 1940 943 338

1609 1091 1649 1120 46
1675 1090 1718 1120 cf.
1742 1092 1779 1119 H
1800 1090 1862 1119 180

1611 1166 1652 1196 47
1666 1167 1820 1204 sq.=M
1831 1166 1873 1195 84
1887 1173 1941 1203 sq.

335 1230 480 1277 ἵππους
512 1225 554 1269 εὖ
587 1229 685 1269 κατὰ
715 1230 864 1282 κόσμον
896 1229 1086 1283 ἐρυκέμεν’
1123 1226 1214 1271 αὖθ’
1252 1231 1315 1271 ἐπὶ
1345 1232 1495 1287 τάφρῳ,

335 1303 447 1344 αὐτοὶ
479 1303 521 1344 δὲ
551 1305 713 1357 πρυλέες
745 1305 819 1345 σὺν
848 1307 995 1358 τεύχεσι
1023 1305 1299 1358 θωρηχθέντες

246 1389 288 1420 50
330 1377 494 1431 ’ρώοντ’·
526 1379 710 1433 ἄσβεστος
743 1378 785 1420 δὲ
814 1381 889 1433 βοὴ
917 1378 1047 1434 ’γένετ’
1082 1381 1188 1433 ἠῶθι
1216 1382 1303 1435 πρό.

1610 1317 1762 1345 49=M
1785 1316 1825 1345 77

1611 1359 1725 1390 49¹³=
1741 1361 1767 1391 Θ
1790 1360 1854 1390 530

332 1452 462 1506 ’φθὰν
496 1453 538 1494 δὲ
570 1452 646 1508 μέγ’
682 1456 841 1507 ἱππήων
872 1455 935 1496 ἐπὶ
964 1456 1100 1512 τάφρῳ
1133 1455 1411 1508 κοσμηθέντες,

193 1586 302 1624 possit
335 1595 471 1623 versus3
503 1595 581 1616 nam
615 1587 650 1616 in
689 1587 827 1625 vulgata
861 1588 1031 1625 genitivus
1062 1587 1065 1595 ¹

192 1638 319 1675 μέλανος
357 1640 481 1668 κυάνοιο
513 1638 597 1668 nihjl
627 1639 732 1668 habet
753 1639 843 1669 unde
867 1639 1029 1678 pendeat;

190 1691 318 1720 Barnes
341 1691 480 1728 μέσοισιν
504 1693 568 1726 ἕεις,
592 1700 679 1729 quae
699 1692 820 1721 vitiosa
845 1693 896 1722 est
919 1692 1030 1721 adiec-

189 1744 249 1773 tivi
272 1743 457 1773 numeralis
481 1743 589 1773 forma
613 1744 691 1781 (vid.
720 1744 738 1783 ξ
763 1745 828 1782 91).
853 1742 902 1774 De
923 1744 1031 1774 forma

189 1797 236 1825 ἔεν
264 1796 307 1825 ef.
331 1795 349 1834 ξ
375 1796 449 1825 302.
474 1812 514 1817 -
541 1795 607 1826 Sed
630 1797 783 1834 graviore
812 1796 895 1826 vitio
918 1796 1030 1826 locum

189 1848 343 1878 laborare
379 1850 550 1887 putamus,
582 1849 741 1887 quoniam
772 1849 888 1887 plures
910 1849 1030 1879 umbo-

191 1909 252 1930 nes
286 1908 374 1930 unus
410 1900 540 1939 clipeus
575 1910 641 1931 non
676 1901 813 1940 reeipit;
846 1910 925 1931 nam
952 1902 1032 1931 licet

191 1953 318 1991 Helbig
352 1951 457 1991 Epos1
491 1962 524 1991 p.
566 1954 628 1983 226
663 1954 815 1992 proferat
848 1954 1032 1992 imaginem

193 2005 294 2043 clipei
318 2007 395 2035 ante
417 2014 521 2035 annos
542 2005 671 2043 aliquot
690 2006 814 2045 effossi,
839 2006 936 2035 cuius
955 2015 1033 2036 een-

194 2059 285 2087 trum
316 2058 420 2087 umbo
444 2057 592 2096 protegit
614 2058 744 2087 cinctus
768 2058 872 2088 bullis
894 2058 1030 2088 minori-

190 2109 266 2146 bus,
301 2109 379 2140 inde
411 2119 477 2140 non
509 2111 664 2153 sequitur
695 2110 798 2140 etiam
821 2110 932 2140 bullas
955 2111 1031 2140 illas

191 2161 351 2192 umbilicos
385 2162 450 2192 dici
485 2163 648 2201 potuisse,
683 2163 780 2193 euius
814 2164 960 2193 nominis
991 2172 1030 2193 ea

190 2217 243 2244 est
262 2215 312 2244 vis
336 2217 438 2253 atque
462 2218 582 2245 natura
605 2218 644 2245 ut
667 2225 756 2245 unus
778 2217 920 2251 tantum,
942 2216 1029 2245 utin

190 2269 319 2304 ventre,
353 2268 402 2297 sic
437 2268 471 2297 in
502 2267 612 2306 clipeo
643 2276 717 2298 esse
748 2268 857 2306 possit
887 2269 1030 2308 ὀμφαλός.

192 2320 406 2350 Coniecimus
437 2317 489 2350 *ἐν
519 2320 551 2349 δέ
585 2316 685 2361 .Ρ(οι)
711 2321 783 2350 ἕσαν
805 2323 923 2351 λευκοῖο
946 2316 1030 2351 §.fel—

190 2383 258 2402 κοσι
279 2372 471 2413 κασσιτέροιο
495 2369 556 2413 (sc.
578 2370 706 2413 κύκλοι),
728 2371 731 2411 Ι
754 2373 890 2411 ὀμφαλὸς
909 2375 939 2402 ἐν
958 2373 1030 2410 μέσ-

193 2435 293 2454 σοισιν
316 2425 366 2462 ἔην
393 2421 468 2465 (Htw)
499 2425 628 2462 μέλανος
658 2427 790 2460 κυάνοιο,
815 2425 916 2464 clipei
939 2425 1030 2454 Simi-

189 2476 256 2506 lem
288 2478 389 2513 atque
422 2476 569 2506 thoracis
602 2475 682 2516 (vid.
715 2477 756 2506 ad
778 2486 826 2507 vs.
853 2474 907 2517 25)
934 2486 1029 2507 orna-

191 2530 263 2557 tum
289 2528 394 2558 fuisse
418 2529 493 2558 rati.

235 2579 276 2610 36
302 2577 368 2622 sq.]
400 2589 440 2611 ex
472 2583 499 2610 Ε
521 2581 583 2611 739
608 2590 681 2619 sqq.
708 2582 929 2620 interpolatos
954 2590 1030 2611 cen-

191 2634 244 2661 set
279 2633 401 2672 Christ,
431 2633 466 2662 in
498 2635 594 2663 scuto
626 2634 747 2671 viginti
774 2634 878 2664 bullis
907 2635 942 2664 et
964 2642 1031 2664 uno

193 2684 341 2714 umbone
372 2687 490 2715 ornato
521 2686 633 2716 locum
657 2686 816 2716 idoneum
840 2686 1032 2717 simulacris

194 2737 361 2774 Gorgonis
383 2739 416 2767 et
436 2738 589 2768 Terroris
609 2739 789 2777 Metasque
810 2735 953 2768 inveniri
965 2747 1031 2768 non

194 2789 345 2826 potuisse
388 2791 521 2827 putans.
561 2791 657 2826 Quod
692 2793 930 2829 argumentum
966 2799 1031 2820 non

192 2841 407 2877 urguendum
438 2842 573 2872 videtur
605 2841 683 2881 (vid.
711 2843 752 2873 ad
775 2852 824 2874 vs.
849 2840 923 2884 35);
948 2843 1035 2873 Leaf

192 2898 235 2931 τῷ
260 2901 320 2930 pro
345 2897 379 2932 τῇ
402 2902 450 2923 vs.
476 2896 516 2923 36
541 2895 695 2925 coniecit.

236 2942 280 2973 36
303 2946 509 2985 βλοσυρῶπις]
536 2955 714 2985 perperam
738 2948 938 2986 producitur
965 2948 1031 2985 syl-

193 2996 271 3025 laba
293 2997 412 3026 finalis.

235 3047 294 3086 ³¹1]
321 3048 428 3078 Melus
461 3049 546 3079 hane
582 3051 758 3088 imaginem
795 3053 930 3090 qualem
968 3052 1031 3082 sibi

1097 1588 1256 1618 finxerint
1278 1586 1352 1617 VIIi
1381 1587 1508 1618 saeculi
1539 1588 1695 1617 homines
1731 1587 1830 1617 docet
1853 1587 1943 1616 Pau·

1097 1649 1168 1669 san.
1191 1640 1220 1670 V
1243 1641 1283 1669 19
1308 1640 1327 1678 ξ
1351 1641 1382 1679 4,
1412 1640 1447 1669 in
1478 1649 1555 1670 arca
1587 1639 1723 1678 Cypseli
1754 1640 1842 1669 inter
1873 1638 1942 1668 alia

1097 1692 1360 1730 Agamemnonis
1383 1701 1460 1722 cum
1485 1692 1597 1722 Coone
1624 1701 1774 1731 pugnam
1805 1689 1850 1733 (A
1874 1692 1942 1721 248

1097 1741 1186 1785 sqq.)
1211 1746 1500 1783 repraesentatam
1519 1745 1626 1775 fuisse
1638 1745 1805 1775 referens:
1830 1746 1944 1784 Φόβος

1097 1796 1130 1826 δὲ
1165 1797 1213 1826 ἐπὶ
1248 1800 1302 1826 τοῦ
1333 1797 1561 1835 Ἀγαμέμνονος
1597 1800 1632 1838 τῇ
1666 1797 1774 1827 ἄσπιδι
1808 1797 1942 1831 ἔπεστιν,

1097 1850 1177 1888 ἔχων
1200 1849 1254 1887 τὴν
1277 1850 1409 1889 κεφαλὴν
1431 1849 1558 1884 λέοντος.

1142 1901 1184 1931 38
1209 1899 1258 1940 ἦν]
1283 1902 1350 1931 ἕενῖ
1373 1902 1441 1931 vid.
1465 1901 1484 1940 ξ
1508 1903 1582 1932 302.
1611 1899 1624 1942 ΙΙ
1657 1901 1766 1940 αὐτοῦ]
1793 1902 1841 1931 sic
1870 1901 1942 1938 Ar„

1097 1955 1179 1993 αὐτῷ
1202 1962 1280 1983 mss.
1304 1954 1475 1983 nonnulla.

1142 2005 1184 2036 39
1205 1999 1391 2036 ‘fsfeamo
1415 2007 1433 2044 g
1457 2006 1515 2044 41]
1543 2006 1671 2036 ἐλέλικτο
1695 2014 1775 2036 mss.

1141 2056 1184 2087 40
1204 2055 1438 2100 ἀμφιστρεφέες]
1460 2058 1508 2088 sic
1521 2059 1589 2095 Ar.,
1602 2058 1739 2097 -στεφέες
1751 2066 1832 2087 mse.
1846 2066 1938 2087 com·

1096 2110 1205 2148 plura.
1225 2110 1298 2140 Adi.
1319 2112 1347 2149 †‚
1364 2110 1448 2145 inter
1458 2120 1492 2140 se
1501 2109 1691 2150 perplexae?
1710 2108 1723 2151 ΙΙ
1743 2109 1941 2150 ἐκπεφυυῖαι]

1097 2171 1205 2201 comp.
1229 2163 1263 2192 h.
1288 2163 1361 2192 Cer.
1390 2164 1429 2192 12
1453 2163 1551 2193 redit.

1139 2214 1181 2244 41
1195 2216 1373 2255 ἀμφίφαλον
1431 2211 1673 2256 τετραφάληρον]
1687 2215 1754 2244 vid.
1767 2214 1810 2244 ad
1827 2215 1939 2244 E743.

1140 2266 1183 2296 43
1208 2267 1303 2308 δοῦρα
1337 2267 1427 2297 Vrat.
1467 2267 1579 2305 Eust]
1616 2267 1706 2309 δοῦρε
1743 2275 1822 2297 mss.
1858 2268 1940 2296 cett.

1096 2319 1208 2349 Etiam
1250 2321 1281 2348 Γ
1312 2320 1351 2348 18
1386 2332 1408 2357 μ
1444 2320 1507 2349 228
1549 2319 1716 2358 pluralem
1757 2319 1942 2358 malumus,

1097 2380 1304 2409 quamquam
1338 2371 1386 2401 ibi
1418 2372 1507 2412 δοῦρε
1535 2372 1615 2402 ferri
1640 2372 1784 2402 fortasse
1808 2373 1939 2410 potem

1097 2424 1139 2454 cf.
1166 2426 1192 2453 Ε
1214 2425 1277 2453 495
1304 2427 1336 2453 Ν
1355 2424 1430 2462 435,
1455 2425 1517 2454 616
1543 2427 1581 2453 Π
1601 2425 1662 2454 139
1688 2427 1724 2454 Φ
1749 2425 1811 2454 115
1834 2427 1849 2454 λ
1874 2424 1939 2454 211

1096 2486 1119 2506 71
1145 2476 1184 2506 15
1208 2489 1230 2515 χ
1257 2477 1318 2506 125
1343 2478 1377 2506 et
1400 2477 1419 2515 ς
1444 2477 1496 2506 52.

1140 2527 1183 2558 45
1209 2529 1417 2567 ἐγδούπησαν]
1449 2529 1642 2567 {neoburgum
1673 2538 1754 2559 mss.
1779 2527 1945 2559 nonnulla

1096 2581 1197 2611 male.
1220 2582 1276 2611 Ar.
1300 2581 1449 2612 litteram
1473 2593 1490 2619 γ
1513 2582 1612 2611 metri
1644 2589 1745 2611 causa
1775 2581 1940 2611 insertam

1098 2642 1171 2663 esse
1196 2633 1348 2671 putabat.

1140 2684 1183 2715 46
1208 2689 1326 2716 τίουσαι
1358 2685 1455 2724 Fick]
1488 2692 1618 2723 τιμῶσαι
1647 2694 1728 2716 mss·
1754 2686 1803 2716 cf.
1827 2697 1850 2724 χ
1875 2685 1942 2716 425

1097 2740 1131 2767 et
1155 2738 1174 2776 ξ
1200 2739 1271 2768 165.

1141 2789 1184 2820 49
1207 2790 1347 2831 πρυλέες]
1376 2791 1419 2820 cf.
1443 2793 1471 2820 E
1493 2791 1567 2821 744.

1142 2841 1198 2880 50]
1235 2843 1387 2872 infinitus
1423 2843 1632 2873 Graecorum
1672 2843 1800 2873 elamor
1833 2842 1942 2872 miros

1098 2903 1159 2923 nos
1184 2895 1298 2931 habet,
1321 2895 1387 2925 vid.
1413 2897 1444 2925 Γ
1463 2896 1548 2925 2-9
1574 2897 1602 2924 A
1630 2896 1817 2925 429—488.

1143 2946 1182 2977 51
1207 2947 1290 2986 μέγ’]
1317 2947 1365 2977 sic
1389 2948 1456 2983 Ar„
1478 2948 1552 2985 μεθ’
1577 2956 1657 2977 mss.
1680 2947 1856 2986 complura
1875 2954 1943 2977 non

1099 3002 1190 3029 recte
1221 3000 1298 3036 (vid.
1331 3001 1347 3038 ἓ
1373 2998 1476 3038 316⁴),
1508 3000 1760 3030 incommodum
1784 3007 1864 3030 vero
1888 2999 1944 3029 est

1098 3053 1175 3089 μέγα
1199 3054 1337 3090 propter
1362 3054 1462 3090 ὀλίγον
1486 3061 1534 3082 vs.
1561 3054 1612 3083 52.
